3302 4894
384 251 610 325 .···:····2::
655 257 792 372 23:3⁸⁸}
862 305 901 378 38

329 487 449 545 venisse
483 487 730 546 existimabimus.
783 485 882 542 Etiam
919 486 1049 542 molesta
1084 485 1135 542 illa
1169 486 1309 559 repetitio
1349 486 1432 542 verbi

330 577 448 668 δίδωμι,
474 607 554 665 quae
581 591 613 645 in
638 597 822 646 testamento
855 587 995 644 Pasionis
1022 588 1162 656 occurrit,
1191 588 1222 643 in
1248 587 1294 645 his
1322 589 1435 644 instru-

329 692 439 748 mentis
462 692 572 748 usitata
594 691 713 747 videtur
734 689 846 758 fuisse3
872 690 956 764 apud
978 688 1099 764 Lysiam
1125 690 1251 762 quidem
1281 689 1298 746 l.
1321 706 1345 748 c.
1374 688 1435 746 hoc

331 793 443 850 sactum
473 793 612 849 videmus
638 802 670 849 et
698 792 781 866 apud
808 791 964 848 Laertium
990 789 1080 864 Diog.
1107 792 1139 846 in
1165 798 1348 848 testamento
1375 791 1435 864 Ly-

331 895 443 964 coniS,¹
467 894 518 951 ubi
532 895 656 950 verbum
679 881 783 972 δίδωμι
805 893 917 966 septies
939 894 1068 948 omnino
1090 893 1236 967 repetitur
1252 911 1288 949 ac
1304 893 1434 949 maxime

330 1002 419 1072 §73:
446 993 497 1054 καὶ
523 985 574 1054 δύο
601 997 674 1077 μνᾶς
696 991 781 1071 αὐτῷ
802 983 932 1074 δίδωμι
962 991 1012 1051 καὶ
1040 985 1082 1052 τὰ
1104 987 1164 1072 ἐμοὶ
1184 989 1284 1070 little
1303 985 1345 1050 τὰ
1368 987 1434 1050 σίνε·

330 1093 492 1179 γνωσμένα·
521 1090 563 1155 τοί
586 1087 614 1156 δ’
641 1140 767 1155 .....
793 1091 874 1166 ὅπως
910 1084 1020 1172 ἐκδῷ.
1054 1083 1185 1173 δίδωμι
1213 1083 1322 1153 δὲκαὶ
1348 1086 1433 1173 Σύρῳ

331 1195 481 1280 ἐλευθέρῳ
518 1192 580 1256 ίντι
614 1195 765 1279 τέτταρας
808 1199 882 1278 μνοίς
914 1195 965 1256 καὶ
997 1190 1052 1264 τὴν
1079 1185 1260 1274 Μηνοδώραν
1290 1185 1308 1256 δ
1315 1185 1347 1254 id
1354 1216 1405 1276 ωμ
1414 1217 1431 1252 ι.

330 1301 408 1360 Cum
433 1304 605 1362 novissimis
634 1302 808 1358 testamenti
830 1300 1062 1358 Demosthenici
1090 1300 1217 1356 vocibus
1244 1298 1385 1356 conferas
1408 1299 1432 1356 si

329 1405 430 1479 placet
451 1405 543 1460 verba
563 1404 715 1460 simillima
737 1403 821 1477 apud
843 1402 997 1459 Laertium
1018 1400 1084 1459 D.²:
1105 1393 1148 1459 τὰ
1169 1396 1222 1480 μὲν
1243 1398 1314 1458 οίκοι
1336 1390 1433 1477 teip-

329 1525 425 1586 χοντα
458 1496 560 1563 πάντα
594 1493 700 1585 δίδωμι
731 1495 877 1581 Μελάντα,
914 1503 980 1561 etl:
1017 1494 1059 1560 τὰ
1092 1497 1144 1580 μὲν
1174 1498 1204 1559 ἐν
1233 1500 1303 1578 οίκῳ
1332 1492 1433 1560 πάντα

330 1596 436 1686 δίδωμι
457 1596 619 1689 o'tdclpotg.⁴

415 1706 525 1764 Paucis
561 1707 696 1780 denique
729 1710 901 1766 monuerim
937 1727 1002 1765 non
1039 1708 1264 1764 offendendum
1303 1725 1372 1764 esse
1404 1709 1436 1763 in

330 1810 477 1866 brevitate
505 1811 687 1867 testamenti.
730 1811 831 1886 Atque
858 1812 949 1867 verba
977 1811 1102 1885 quidem
1129 1810 1258 1866 oratoris
1287 1809 1311 1865 si
1341 1811 1435 1884 respi-

330 1911 444 1979 cimm,
470 1910 530 1968 boc
551 1918 650 1968 totum
678 1911 773 1970 fuisse
799 1921 1017 1970 testamentum
1045 1912 1257 1969 confitendum
1280 1912 1348 1979 erit;
1377 1912 1433 1968 sed

329 2013 466 2088 quamvis
487 2014 660 2086 petulantes
682 2023 712 2072 et
732 2016 869 2072 audaces
900 2015 1030 2072 luissent
1059 2014 1220 2072 adversarii
1242 2013 1434 2087 Apollodori,

314 2116 376 2171 ¹vix
398 2115 544 2173 credibile
566 2115 686 2174 videtur
708 2137 763 2175 eos
783 2118 948 2192 protulisse
967 2123 1199 2185 testamentum,
1221 2117 1253 2172 in
1274 2133 1335 2190 quo
1358 2116 1435 2171 filio-

329 2235 395 2274 rum
418 2217 533 2274 Pasion
569 2221 698 2275 omnino
733 2221 923 2277 mentionem
954 2236 1019 2274 non
1050 2217 1182 2279 fecisset.
1239 2217 1434 2291 Quapropter

330 2320 479 2389 existimO,
502 2327 535 2377 ut
557 2322 689 2378 maxime
701 2330 818 2396 pateret
829 2322 1022 2396 impudentia
1034 2321 1286 2390 adversariorum,
1309 2319 1434 2394 Apollo·

330 2423 451 2490 dorum,
474 2440 564 2497 quem
590 2422 685 2478 multa
706 2423 763 2480 hac
787 2425 818 2480 in
841 2424 981 2480 oratione
1003 2423 1118 2496 fingere
1142 2430 1172 2478 et
1189 2423 1328 2478 ementiri
1350 2422 1435 2479 vide-

330 2541 407 2593 mus,
431 2541 499 2580 eam
517 2525 735 2580 tantummodo
757 2532 875 2598 partem
899 2524 1071 2581 testamenti
1092 2524 1211 2580 recitari
1232 2524 1374 2593 iussisse,
1402 2525 1434 2580 in

330 2643 391 2699 qua
416 2627 520 2682 matris
548 2627 664 2682 mentio
694 2625 773 2682 facta
808 2633 897 2686 esset.
954 2625 1027 2682 Non
1062 2626 1186 2699 plenam
1221 2633 1252 2680 et
1284 2625 1433 2700 integram

333 2744 401 2784 esse
430 2726 590 2783 formulam
611 2728 657 2783 vel
689 2728 763 2784 inde
796 2736 936 2801 apparet,
971 2728 1056 2803 quod
1093 2727 1222 2784 nomina
1249 2735 1433 2799 curatorum,
1502 2780 1507 2792 ,

330 2829 452 2886 testium
486 2829 631 2904 eiusque,
664 2830 749 2904 apud
780 2847 872 2904 quern
894 2830 1069 2904 depositum
1104 2838 1168 2886 erat
1193 2829 1435 2900 testamentum,5

331 2933 445 2989 omissa
464 2939 544 2990 sunt.

519 3089 570 3147 IV.
594 3089 646 3147 De
669 3092 822 3148 tabulae
845 3091 1056 3148 locationis
1079 3089 1251 3146 formula.

412 3208 622 3273 ΜΙΣΘΩΣΙΣ
645 3210 891 3274 ΤΡΑΠΕΖΗΣ.
933 3207 1027 3273 Κατὰ
1047 3203 1124 3272 τάδε
1141 3209 1291 3294 ἐμίσθωσε
1310 3209 1435 3272 Πασίων

329 3307 384 3381 τὴν
407 3303 559 3393 τράπεζαν
580 3311 734 3398 Φορμίωνι·
756 3313 901 3397 μίσθωσιν
922 3313 1014 3400 φέρειν
1033 3311 1191 3396 Φορμίωνα
1213 3316 1266 3383 τῆς
1286 3305 1435 3393 τραπέζης

330 3423 392 3487 τοῖς
418 3415 502 3474 παισὶ
523 3422 584 3486 τοῖς
610 3412 767 3486 Πασίωνος
793 3406 845 3476 δύο
866 3408 1008 3476 τάλαντα
1027 3415 1079 3475 καὶ
1108 3408 1336 3497 τετταράκοντα
1362 3419 1435 3497 μνοῖς

332 3517 387 3576 τοῦ
416 3517 551 3576 ἐνιαυτοῦ
574 3509 716 3592 ἑκάστου,
751 3517 840 3600 χωρὶς
866 3521 921 3588 τῆς
947 3515 1018 3578 καθ’
1048 3514 1159 3601 ἡμέραν
1190 3507 1365 3588 διοικήσεως
1393 3512 1434 3598 μί

332 3608 439 3692 ἐξεῖναι
473 3607 507 3678 δὲ
533 3609 763 3700 τραπεζιτεῦσαι
791 3617 879 3701 χωρὶς
916 3616 1077 3700 Φορμίωνι,
1111 3613 1164 3679 ἐὰν
1193 3615 1235 3702 μὴ
1254 3619 1339 3699 πείσῃ
1366 3614 1434 3691 τοὺς

403 3827 463 3880 11..
486 3833 520 3881 D.
540 3833 573 3883 V.
595 3845 635 3897 73.

402 3914 414 3954 2
433 3920 464 3967 L.
485 3920 519 3968 D.
542 3921 573 3969 V.
596 3931 637 3983 51.

401 4003 414 4043 3
432 4007 464 4056 L.
486 4007 520 4055 D.
540 4008 574 4056 V.
595 4009 636 4069 69.

400 4091 414 4129 4
431 4094 501 4143 Vide
522 4094 601 4143 etiarn
620 4096 651 4144 ud
669 4111 794 4144 summam
813 4112 899 4146 rerum
919 4103 1103 4147 testamentum
1113 4099 1241 4162 Epicteti,
1263 4100 1333 4163 quod
1352 4098 1432 4162 volgo

332 4182 440 4242 dicitur,
460 4183 532 4246 quod
553 4183 706 4232 Boeckhius
724 4183 825 4234 insulae
846 4185 947 4234 Therae
967 4185 1092 4248 assignat.
1129 4187 1159 4235 C.
1179 4187 1201 4234 I.
1223 4187 1255 4236 G.
1277 4187 1352 4248 2448.

400 4266 413 4307 5
433 4271 523 4320 Laert.
543 4272 577 4319 D.
596 4272 630 4331 V,
653 4272 692 4334 56.
