3302 4894
703 845 832 910 PARS
860 845 1025 910 PRIOR.

361 983 416 1046 De
437 981 507 1044 litis
528 979 765 1044 instrumentis
786 979 819 1041 in
842 978 1097 1048 Demosthenis.
1120 999 1209 1059 quae
1231 978 1364 1048 fertur.¹

646 1095 803 1158 oratione
834 1095 868 1156 in
902 1094 1088 1157 Lacritum.

681 1335 704 1392 I.
729 1333 783 1391 De
805 1335 1051 1392 testimoniis

408 1454 409 1460 ί
469 1485 491 1526 ι.
514 1467 561 1524 De
583 1465 808 1545 testimoniis§
835 1483 878 1540 14.

393 1569 571 1646 Syngrapha
586 1570 729 1644 perlecta,
754 1570 841 1627 cuius
860 1570 891 1625 in
908 1577 1042 1625 extrema
1057 1577 1141 1643 parte
1155 1571 1282 1627 nomina
1295 1572 1418 1628 testium

312 1681 444 1731 exstant:

395 1765 548 1855 Μάρτυρες
571 1769 708 1853 Φορμίων
731 1763 896 1850 Πειραιεύς,
918 1761 1124 1854 Κηφισόδωρος
1146 1763 1294 1845 Βοιώτιος,
1313 1763 1420 1832 ‘Hm'-

313 1865 402 1955 δωρος
422 1867 568 1945 Πιτθεύς.

313 1981 373 2036 iam
398 1979 581 2036 testimoniis
605 1980 718 2034 inserta
740 1977 870 2036 oratoris
892 1978 1000 2046 verba,
1026 1978 1138 2052 quibus
1164 1996 1198 2034 sc
1226 1979 1267 2035 ad
1290 1978 1419 2033 scribam

314 2082 471 2155 pubiicum
495 2082 654 2148 convertit,
675 2081 803 2154 ipsaque
827 2081 1004 2137 testimonia
1026 2089 1186 2138 secuntur:

394 2178 474 2264 Λέγε
496 2170 533 2248 δὴ
554 2179 606 2240 καὶ
624 2174 681 2250 τάς
703 2177 871 2261 μαρτυρίας.

394 2279 645 2342 ΜΑΡΤΤΡΙΑΙ.
690 2271 901 2364 Ἀρχενομίδης
930 2271 1176 2363 Ἀρχεδάμαντος
1205 2273 1419 2365 Ἀναγυράσιος

314 2392 456 2467 μαρτυρεῖ
473 2377 624 2454 συνθήκας
645 2383 705 2468 παρ’
727 2383 827 2462 ἑαυτῷ
850 2381 1049 2443 καταθέσθαι
1061 2375 1242 2466 Ἀνδροκλέα
1262 2375 1421 2466 Σφήττιον,

314 2479 523 2567 Ναυσικράτην
552 2476 732 2565 Καρύστιον,
764 2479 957 2566 Ἀρτέμωνα,
984 2476 1212 2567 Ἀπολλόδωρον
1233 2483 1420 2556 Φασηλίτας,

317 2588 368 2648 καὶ
389 2583 462 2648 εἶναι
483 2587 543 2670 παρ’
565 2587 666 2666 ἑαυτῷ
688 2589 732 2647 ἔτι
752 2585 885 2670 κειμένην
904 2582 959 2656 την
980 2580 1157 2672 συγγραφήν.

401 2687 481 2773 Λέγε
502 2680 539 2758 δη
560 2688 612 2748 καὶ
632 2683 687 2758 την
707 2691 768 2748 τῶν
788 2687 1032 2773 παραγενομένων
1053 2688 1221 2772 μαρτυρίαν.

397 2788 633 2851 ΜΑΡΤΤΡΙΑ.
694 2780 840 2862 Θεόδοτος
863 2857 864 2862 1
885 2784 1037 2865 ἰσοτελής,
1080 2790 1203 2873 Χαρῖνος
1239 2784 1421 2874 Ἐπιχάρους

317 2885 504 2964 Λευκονοεύς,
525 2889 662 2974 Φορμίων
675 2889 903 2976 Κηρισορῶντος
914 2884 1081 2972 Πειραιεύς,
1099 2883 1305 2977 Κηρισίδωροό
1328 2885 1422 2953 Βοιώ-

318 3015 395 3067 τιος,
427 2985 609 3074 Ἠλιίδωρος
639 2988 776 3063 Πιτθεὺς
812 2997 989 3076 μαρτυροῦσι
1017 3001 1165 3076 παρεῖναι,
1201 2992 1244 3055 ὅτ’
1277 2984 1422 3054 ἐδάνεισεν

314 3087 494 3180 Ἀνδροκλῆς
512 3086 734 3178 Ἀπολλοδώρῳ
753 3094 805 3155 καὶ
816 3093 983 3178 Ἀρτέμωνι
1001 3093 1135 3180 άργυρίου
1155 3095 1318 3178 τρισχιλίας
1330 3086 1422 3179 δραχ·

315 3189 389 3280 μάς,
411 3197 463 3258 καὶ
485 3188 592 3259 εἰδέναι
611 3193 666 3266 τὴν
686 3193 855 3282 συγγραφὴν
876 3195 1103 3278 καταθεμένους
1125 3192 1206 3280 παρά
1226 3188 1422 3280 Ἀρχενομίδῃ

315 3297 526 3383 Ἀναγυρασίῳ.

397 3404 486 3461 Haec
518 3412 564 3461 est
594 3404 684 3460 lectio
719 3405 904 3477 optimorum
935 3403 1094 3473 iibrotum,
1126 3405 1237 3479 quibus
1270 3403 1346 3461 haec
1376 3405 1423 3459 in·

319 3514 485 3563 strumenta
508 3506 598 3562 nobis
621 3506 732 3561 tradita
756 3512 836 3574 sunt,
858 3507 1003 3562 codicum
1025 3503 1053 3566 F
1075 3501 1105 3563 Φ
1127 3501 1159 3564 B.

395 3607 430 3664 In
471 3606 580 3663 codice
613 3605 750 3665 Parisino
782 3603 809 3666 Σ
851 3607 923 3664 nihii
957 3615 1053 3664 exstat
1086 3610 1142 3664 nisi
1176 3609 1232 3664 tria
1267 3608 1422 3664 lemmata:

319 3703 564 3768 ΣΤΓΓΡΑΦΗ.
606 3705 859 3767 ΜΑΡῚῪΡΙΑΙ.
902 3705 1144 3780 ΜΑΡΤΤΡῙΑ,
1166 3711 1257 3766 etiam
1279 3709 1424 3768 adhorta·

314 3812 451 3868 tionibus
483 3810 539 3866 iliis
560 3799 690 3868 oratoris
715 3813 794 3868 inter
819 3813 948 3885 primum
971 3813 1161 3886 alterumque
1183 3819 1274 3887 atque
1295 3813 1421 3869 alterum

314 3915 498 3987 tertiumque
513 3912 660 3970 omissis.2
702 3914 741 3970 At
762 3914 848 3988 quod
869 3913 975 3970 harum
999 3913 1195 3970 formularum
1211 3921 1423 3988 argumentum

392 4102 497 4154 lHunc
519 4107 666 4155 orationem
692 4121 745 4154 non
769 4105 994 4155 uDemosthenis
1015 4122 1092 4156 manu
1115 4108 1262 4171 profectam
1287 4121 1346 4154 esse
1365 4119 1423 4152 cum

316 4193 362 4241 alii
381 4200 435 4242 tum
456 4193 573 4244 Blassius
592 4194 652 4255 (Die
673 4201 720 4242 att.
742 4193 954 4242 Beredtsamkeit
973 4195 1021 4251 111,
1041 4207 1061 4243 1.
1082 4210 1107 4259 p.
1130 4206 1178 4257 504
1194 4193 1244 4259 sq.)
1264 4191 1422 4258 explanavit.

392 4277 405 4317 2
424 4283 484 4331 vide
504 4282 649 4331 editionem
671 4281 703 4330 G.
726 4280 862 4330 Dindorfii
883 4281 1072 4330 Oxoniensem.
