3302 4894
864 340 901 382 10

329 504 504 578 putabimus
536 504 665 560 nomina
694 504 817 578 propria
842 505 1021 578 saepissime
1049 523 1104 579 per
1132 507 1319 580 compendia
1348 507 1437 564 scribi

329 605 419 661 solita
441 622 518 662 esse.

433 705 500 782 Jam
523 707 564 762 ad
586 717 798 780 argumentum
825 709 1071 765 testimoniorum
1093 717 1294 768 transeamus.
1336 712 1436 787 Atque

331 827 400 866 cum
429 810 459 865 in
487 807 659 884 syngrapha
689 807 769 866 facta
798 816 880 866 esset
908 811 1024 883 pacti0‚
1054 818 1087 866 ut
1113 829 1149 866 ex
1177 813 1293 885 oppido
1320 811 1435 870 Mende

327 912 462 985 quinque
485 910 567 966 milia
589 910 737 967 cadorum
760 911 820 968 vini
842 912 1074 985 imponerentur
1093 913 1124 969 in
1139 931 1258 982 navem,
1276 915 1336 971 iam
1351 923 1437 972 actor

332 1031 371 1068 ne
393 1013 579 1088 quingentos
607 1013 734 1086 quidem
760 1014 858 1093 cados
886 1013 1046 1087 impositos
1073 1031 1142 1072 esse
1169 1016 1329 1072 contendit
1351 1013 1377 1091 (§
1403 1033 1437 1092 19

330 1101 399 1172 οὐδὲ
418 1103 598 1171 πεντακόσια
618 1103 745 1192 κεράμια
767 1113 806 1182 εἰς
827 1105 863 1172 τὸ
884 1112 984 1172 πλοῖον
1005 1110 1163 1192 ἐνέθεντο),
1184 1117 1271 1174 euius
1293 1118 1336 1174 rei
1354 1119 1438 1184 testis

327 1216 467 1273 ficandac
499 1233 593 1272 causa
628 1217 803 1273 testimonia
828 1215 972 1275 Erasiclis
1003 1218 1216 1290 gubernatoris
1245 1226 1275 1274 et
1302 1218 1435 1293 Hippiae

326 1319 508 1393 inspectoris
530 1318 614 1374 navis
635 1318 754 1374 recitari
772 1317 866 1375 iubet¹

407 1417 465 1475 Cui
486 1419 529 1474 rei
551 1418 593 1487 id,
615 1420 700 1492 quod
722 1425 872 1475 testantur
893 1427 996 1489 testes
1019 1422 1133 1493 optime
1145 1423 1330 1495 respondet;
1352 1430 1434 1478 uter-

330 1539 391 1596 que
412 1522 493 1577 enim
524 1518 654 1576 affirmat
675 1521 917 1595 quadringentos
941 1521 1162 1596 quinquaginta
1183 1523 1281 1580 cados
1303 1531 1436 1580 tantum-

326 1624 424 1679 modo
447 1641 516 1679 esse
538 1622 708 1695 impositos,
730 1628 888 1696 praeterea
908 1621 991 1679 nihil.

412 1723 509 1795 Quod
540 1723 791 1780 Westermannus
827 1723 964 1797 disputat
1001 1724 1042 1780 de
1081 1725 1258 1782 nominibus
1292 1725 1435 1783 Erasiclis

328 1835 359 1882 et
394 1826 546 1901 Hyblesii‚
580 1826 692 1900 quibus
720 1841 785 1880 non
807 1825 949 1881 additum
983 1826 1020 1882 sit
1048 1829 1135 1884 notio
1165 1827 1258 1901 patris
1291 1829 1434 1903 pagique,

326 1947 390 1985 non
418 1937 463 1985 est
490 1946 544 1985 cur
569 1929 676 1984 denuo
702 1925 846 1994 refutem,
878 1944 948 1982 cum
975 1926 1033 1984 hae
1059 1929 1100 1984 de
1125 1947 1157 1984 re
1186 1929 1260 2004 quid
1289 1931 1432 1987 sentirem

325 2031 385 2087 iam
414 2032 446 2086 in
471 2030 524 2098 iis,
560 2047 639 2105 quae
666 2030 869 2097 antecedunt,
902 2030 974 2086 satis
994 2029 1089 2086 multa
1109 2031 1201 2086 verba
1227 2029 1299 2086 mihi
1322 2029 1431 2088 iecisse

325 2133 438 2192 videar.

409 2233 608 2292 Testimoniis
635 2233 756 2291 aceedit
783 2233 872 2289 tertio
900 2233 970 2289 loco
997 2229 1193 2312 ἐκμαρτυρία,
1219 2234 1252 2289 id
1278 2241 1324 2290 est
1350 2234 1442 2313 testi-¹

330 2337 468 2392 monium
481 2354 598 2404 eorum,
620 2337 671 2410 qui
682 2337 791 2392 morbo
807 2336 852 2392 vel
864 2336 973 2393 itincre
994 2335 1132 2409 impediti
1152 2343 1247 2404 erant,
1268 2337 1435 2417 quominus

326 2438 383 2510 ipsi
400 2438 485 2512 apud
506 2438 627 2494 iudices
649 2438 1019 2495 testimoniumdicerent.
1062 2436 1203 2507 Quorum
1226 2420 1439 2495 testimonium*

327 2556 398 2594 cum
426 2557 504 2613 opus
532 2547 615 2596 esset
642 2543 726 2613 apud
756 2542 876 2598 iudices
903 2539 1075 2597 confirmari
1102 2557 1120 2596 a
1146 2540 1348 2614 quibusdam,
1381 2543 1432 2615 qui

328 2659 397 2696 cum
422 2641 611 2698 scribebatur
636 2643 794 2712 aderant,l
826 2642 886 2699 hoc
912 2643 984 2717 quia
1005 2640 1065 2697 hoc
1086 2641 1155 2697 loco
1176 2660 1240 2698 non
1262 2642 1307 2712 fit,
1340 2642 1433 2700 West

326 2751 421 2799 totam
458 2739 652 2821 ἐκμαρτυρίαν
689 2745 788 2804 rictam
824 2745 996 2819 nulliusque
1035 2745 1122 2818 pretii
1159 2761 1228 2800 usse
1261 2744 1431 2801 contendit.

326 2844 397 2915 Qua
418 2846 451 2901 in
471 2863 503 2902 re
525 2844 626 2902 iacere
648 2865 712 2902 non
734 2864 861 2921 possum
883 2849 958 2921 quin
984 2864 1002 2901 a
1024 2846 1086 2901 viro
1109 2845 1290 2902 doctissimo
1312 2847 1433 2902 dissen-

325 2949 406 3006 tiam.
448 2946 595 3004 Libenter
621 2949 746 3023 quidem
773 2948 946 3004 concedam
970 2936 1149 3022 plerumque
1172 2943 1366 3026 ἐκμαρτυρίαν
1393 2948 1432 3003 ab

329 3049 394 3106 aliis
424 3049 596 3106 confirmari
623 3050 709 3128 apud
741 3051 860 3106 iudices
883 3066 1012 3105 necesse
1037 3047 1130 3105 fuisse
1149 3065 1274 3123 remque
1296 3049 1337 3104 ita
1355 3057 1434 3105 trac·

327 3160 421 3208 tatam
443 3169 512 3210 esse
534 3152 621 3210 locus
643 3154 675 3209 in
697 3151 858 3209 Aeschinis
880 3158 954 3209 orat.
989 3151 1029 3207 de
1051 3148 1127 3207 falsa
1152 3151 1306 3225 legatione
1335 3152 1434 3207 docu-

328 3254 433 3311 mento
454 3264 513 3324 est;
534 3255 664 3328 legimus
691 3256 815 3330 quidem
837 3259 852 3328 ξ
877 3269 923 3330 19:
948 3250 1000 3310 καὶ
1026 3250 1073 3310 ὃτι
1099 3247 1186 3308 ταῦτ’
1215 3249 1295 3310 ἐστιν
1320 3246 1434 3324 ἀληθῆ,

327 3351 405 3431 λαβέ
422 3374 470 3432 μοι
480 3347 522 3413 τὰ
536 3351 713 3436 ψηφίσματα
728 3353 779 3413 καὶ
791 3347 846 3431 τὴν
860 3351 1054 3435 ἐκμαρτυρίαν
1068 3344 1223 3435 ἀνάγνωθι
1237 3347 1292 3420 τὴν
1304 3349 1434 3432 Ἀριστο-

327 3446 432 3535 lupun,
452 3455 504 3514 καὶ
523 3449 611 3514 κάλει
632 3450 700 3536 πρὸς
721 3454 769 3525 οὓς
792 3449 1032 3536 ἐξεμαρτύρησεν,
1056 3451 1087 3514 ἵν’
1112 3444 1225 3513 εἰδῶσιν
1246 3456 1271 3512 oi
1284 3443 1433 3513 δικασταί.
1532 3535 1539 3542 ι

406 3559 557 3616 Secuntur
578 3559 732 3616 lemmata:

432 3655 704 3718 ΨΗΦΙΣΜΑΤΑ.
747 3653 1044 3717 ΕΚΜΑΡΤΥΡΙΑ.
1086 3654 1322 3716 ΜΑΡΤΤΡΙΑ.

407 3762 469 3818 Sed
490 3761 570 3819 hanc
593 3759 787 3843 ἐκμαρτυρίαν
796 3760 1069 3818 Demosthenicam
1088 3761 1120 3817 in
1138 3762 1278 3818 oratione
1292 3759 1433 3818 Lacritea

325 3883 450 3940 prorsus
472 3866 532 3921 alio
554 3867 650 3922 modo
675 3872 883 3939 comparatam
907 3882 974 3922 esse
997 3871 1095 3938 atque.
1112 3863 1195 3918 illam
1217 3863 1432 3934 Aeschineam,

323 3969 354 4023 in
366 3984 458 4043 qnam
475 3969 604 4024 maxime
620 3968 711 4024 verba
725 3967 805 4024 lsaei
818 3984 909 4040 supra
922 3966 1047 4022 laudata
1058 3966 1182 4038 cadunt,
1204 3964 1277 4021 mihi
1291 3966 1432 4022 animad-

326 4078 442 4127 vertere
464 4070 561 4127 liceat,
604 4069 684 4127 Nam
706 4087 776 4126 cum
795 4068 874 4126 haec
895 4063 1072 4147 ἐκμαρτυρία
1093 4067 1344 4137 Βεῐυουῐίνθυίευ,
1366 4076 1429 4125 arte

327 4209 524 4221 ---..

397 4294 406 4335 ¹
426 4266 461 4350 cr.
481 4298 516 4348 rs,
536 4297 628 4359 111,20.
664 4297 741 4348 nem.
763 4296 885 4355 uivus
905 4309 944 4362 sq.
