3302 4894
869 390 924 447 ²4-

415 553 559 610 Ceterum
580 554 727 628 quoniam
749 552 883 610 llleierus
903 554 968 628 ipse
991 554 1162 627 explanavit
1186 554 1269 612 hunc
1296 558 1438 614 arbitrum

335 657 491 731 publicum
526 656 675 731 prioribus
708 656 834 729 quidem
871 657 1059 728 temporibus
1092 664 1187 726 sorte,
1220 655 1439 716 Demosthenis

336 766 439 814 autem
460 765 560 814 aetate
584 757 622 812 ab
644 758 716 830 ipsis
739 759 817 814 inter
838 775 917 832 quos
940 757 975 813 lis
997 765 1078 814 esset
1106 767 1241 815 creatum
1266 778 1344 830 esse,
1365 762 1440 835 quid

336 860 524 935 probabilius
546 866 593 915 est
619 876 725 932 quam,
753 876 822 914 cum
849 877 919 916 reus
943 858 1148 917 Acharnensis
1173 861 1275 931 fuerit,
1297 863 1439 918 arbitrum

336 964 436 1036 ipsum
462 978 587 1036 quoque
616 979 652 1019 ex
684 962 797 1016 eodem
826 978 906 1035 pago
936 979 1005 1017 esse
1042 962 1262 1022 constitutum?
1293 954 1441 1020 Meierum

338 1055 441 1120 autem
463 1062 520 1118 hac
539 1063 578 1118 de
602 1080 633 1118 re
653 1070 736 1118 recte
750 1063 903 1120 iudicasse
924 1063 1054 1136 primum
1076 1062 1175 1118 lexiko
1189 1061 1442 1137 Harpocrationis

339 1165 569 1239 comprobatum
591 1163 719 1238 legimus
754 1165 880 1238 quidem
914 1182 936 1222 s.
972 1183 998 1222 v.
1031 1150 1197 1228 breitensol:
1230 1167 1255 1221 oi
1289 1153 1443 1230 διαιτηταὶ

338 1257 474 1344 πρίτερον
497 1255 596 1343 κλήρῳ
616 1253 763 1342 λαχόντες
789 1254 808 1329 ἢ
830 1255 1048 1343 ἐπιτρεψάντων
1081 1259 1181 1334 αὐτοῖς
1208 1267 1269 1322 τῶν
1295 1262 1443 1346 κρινοομέ-

338 1388 393 1426 νων
414 1358 540 1444 διήτοον,
558 1387 595 1424 ex
616 1369 726 1442 quibus
749 1368 847 1424 verbis
871 1385 936 1422 non
958 1385 1032 1424 sane
1054 1385 1178 1441 prorsus
1197 1368 1288 1424 clavis
1305 1369 1336 1424 id
1359 1368 1443 1424 haud

339 1471 433 1528 dubie
456 1471 666 1542 colligendum
695 1470 814 1525 videtur
842 1487 907 1524 non
944 1465 1068 1542 semper
1098 1471 1230 1526 eandem
1262 1471 1318 1526 sed
1354 1471 1444 1526 aliam

340 1573 405 1628 aliis
425 1572 615 1646 temporibus
637 1571 817 1627 arbitrorum
842 1572 1130 1628 constituendorum
1140 1573 1289 1628 rationem
1311 1571 1444 1628 habitam

340 1693 407 1732 esse
427 1682 517 1748 atque
539 1674 636 1746 primo'
668 1690 722 1728 eos
747 1680 827 1728 sorte
852 1691 921 1729 esse
944 1681 1078 1742 creatos,
1109 1675 1194 1748 quod
1216 1675 1288 1729 item
1316 1673 1443 1730 Polluxl

339 1776 437 1832 verbis
459 1772 672 1854 ἐπεκληροῢντο
693 1769 792 1842 αὐτοῖς
815 1775 845 1830 ui
859 1761 972 1831 δίαιται
994 1777 1093 1844 tradit,
1113 1784 1177 1832 turn
1199 1777 1237 1832 ab
1259 1777 1445 1850 litigantibus

283 1941 285 1944 ,
339 1880 413 1952 ipsis
442 1879 626 1948 constitutos
654 1895 731 1933 esse.
775 1876 871 1948 Quod
898 1878 998 1951 ipsum
1034 1879 1125 1934 etiam
1159 1897 1195 1934 ex
1228 1876 1446 1935 Demosthenis

255 1973 268 2048 f
296 2009 301 2018 ·
340 1981 436 2054 ipsius
461 1979 559 2036 verbis
581 1979 716 2052 intellegi
740 1980 889 2035 existimo,
931 1977 1011 2035 Nam
1042 1987 1074 2034 ut
1095 1981 1210 2035 mittam
1238 1982 1446 2037 testimonium

341 2063 556 2138 ex'lllidianae
586 2085 660 2156 §93
689 2082 816 2154 petitum
843 2067 962 2157 οἴδαμεν
981 2074 1169 2158 Δημοσθένην
1201 2067 1447 2161 ᾦμαρτοροῢμεν

340 2180 392 2241 καὶ
413 2171 538 2240 Μειδίαν
559 2177 713 2262 ἑλομένους
734 2170 892 2248 διαιτητὴν
912 2172 1094 2262 Στράτωνα,
1122 2185 1208 2257 quod
1239 2201 1346 2258 parum
1373 2202 1445 2258 prae

342 2305 375 2343 se
402 2285 458 2342 fert
480 2283 693 2354 auctoritatis,2
722 2303 757 2342 ex
782 2292 848 2341 orat
874 2284 943 2354 XL,
977 2283 1025 2353 16,
1055 2285 1104 2340 ubi
1127 2285 1272 2358 legimus:
1293 2303 1447 2368 παραγρα-

342 2374 464 2462 ψάμενοι
491 2372 618 2440 Σόλωνα
642 2378 769 2463 Ἑρχιέα
797 2373 952 2450 διαιτητὴν
975 2375 1076 2462 τούτῳ
1102 2382 1302 2467 ἐπετρέψαμεν
1329 2377 1449 2446 δικάσαι

251 2560 253 2563 Ι
342 2482 405 2564 περὶ
440 2473 480 2540 ὧν
518 2482 710 2566 ἐνεκαλοῦμεν
747 2477 894 2556 ἀλλήλοις
928 2489 1071 2562 colligere
1115 2506 1279 2562 possumus
1300 2495 1302 2499 “
1321 2493 1448 2565 optione

344 2587 525 2662 litigantium
548 2587 692 2643 arbitrum
721 2607 791 2646 esse
814 2591 1021 2646 constitutum.
1064 2591 1216 2647 Arbitrum
1243 2600 1346 2649 autem
1365 2593 1449 2650 illum

344 2690 491 2746 Solonem
514 2706 584 2744 cum
604 2689 745 2746 Meier0³
766 2693 924 2765 publicum
947 2692 1040 2749 fuisse
1063 2695 1237 2762 contendo;
1267 2696 1353 2768 quod
1375 2696 1449 2751 inde

344 2790 538 2847 concluditur
559 2793 645 2865 quod
664 2792 780 2850 Solone
802 2803 923 2850 mortuo
947 2812 1060 2851 novum
1084 2796 1227 2851 arbitrum
1245 2797 1450 2851 denuovide-

345 2910 413 2949 mus
436 2911 504 2950 esse
524 2894 697 2968 publicum;
720 2913 791 2950 nam
813 2895 942 2968 legimus
964 2898 980 2967 g
1005 2910 1037 2970 17
1060 2883 1242 2973 ἀπεδιῄτησέ
1263 2915 1319 2976 μου
1335 2891 1355 2954 ’ὁ
1376 2885 1451 2954 διαι-

344 2985 439 3062 τητὴς
475 2992 527 3053 καὶ
557 2983 642 3068 οὗτος
675 3038 682 3050 .
709 3043 714 3052 .
745 3039 751 3051 .
783 2989 853 3053 οὔτε
884 2995 988 3077 ἐφῆκεν
1021 2999 1059 3065 εἰς
1089 2989 1126 3080 τὸ
1154 2985 1346 3076 δικαστήριον,
1381 3017 1451 3056 cum

345 3097 581 3170 appellationem
604 3099 726 3156 arbitrio
748 3101 864 3174 privato
888 3099 970 3158 facto
992 3101 1119 3156 omnino
1142 3101 1206 3158 lieri
1228 3119 1292 3156 non
1312 3102 1449 3174 potuisse

346 3217 438 3274 supra
460 3202 781 3259 demonstraverimus.
794 3274 802 3285 Γ

427 3302 536 3376 Neque
565 3320 703 3377 pugnare
737 3321 807 3360 cum
840 3313 945 3360 nostra
967 3305 1121 3361 sententia
1152 3305 1185 3360 id
1213 3306 1332 3361 videtur
1364 3304 1450 3378 quod

347 3410 361 3477 ξ
384 3421 437 3477 24,
466 3405 517 3460 ubi
544 3405 650 3460 denuo
678 3407 821 3461 recitatur
843 3407 1065 3476 testimonium,
1095 3407 1310 3462 tantummodo
1338 3424 1452 3464 nomen

348 3505 452 3562 Tisiae
472 3507 536 3562 sine
559 3508 629 3580 pagi
652 3508 878 3575 additamento,
904 3509 1049 3582 scriptum
1071 3509 1250 3565 invenimus.
1293 3507 1373 3563 Nam
1394 3506 1454 3563 hoc

348 3627 396 3664 me
425 3609 531 3664 iudice
559 3626 623 3664 non
650 3610 751 3666 minus
777 3626 868 3683 quam
895 3610 1022 3665 nomina
1049 3610 1117 3683 ipsa
1143 3611 1174 3665 in
1197 3609 1295 3664 fronte
1323 3608 1413 3664 huius
1438 3613 1454 3682 ξ

349 3727 405 3766 suo
426 3710 491 3766 iure
512 3717 614 3766 orator
632 3711 803 3767 omittenda
820 3729 889 3767 esse
910 3712 1039 3785 putavit,
1068 3728 1138 3767 cum
1159 3719 1306 3766 nontam
1329 3711 1454 3766 nomina

349 3811 468 3886 singula
488 3800 579 3886 quam
601 3828 666 3868 rem
685 3813 796 3885 ipsam,
825 3799 922 3887 quam¹
944 3813 1045 3869 testati
1067 3820 1154 3868 erant
1176 3819 1284 3880 testeS‚
1318 3811 1454 3885 inprimis

349 3913 444 3987 ipsius
466 3914 628 3970 interesset
648 3915 680 3970 in
701 3916 879 3970 memoriam
898 3915 1039 3977 iudicum
1059 3911 1228 3970 revocare.4

352 4053 355 4060 ’
422 4082 594 4136 10110mast.
618 4087 693 4146 vnr,
708 4088 764 4136 126.
867 4083 986 4136 tuest.
1015 4088 1056 4136 oe
1080 4087 1119 4135 nr.
1144 4087 1204 4135 inst.
1231 4087 1257 4134 in
1277 4085 1346 4134 rna.
1366 4102 1391 4150 p.
1415 4097 1454 4133 η.

350 4173 399 4224 31.
421 4190 443 4222 c.
463 4191 489 4239 p.
516 4186 557 4237 25.
677 4171 768 4223 4vide
794 4175 866 4239 quod
890 4190 969 4238 supra
998 4191 1024 4239 p.
1052 4176 1066 4223 8
1096 4175 1128 4223 de
1154 4173 1324 4222 Phormionis
1350 4173 1456 4222 Piraeei

350 4263 457 4312 nomine
489 4263 679 4312 adnotavimus
727 4263 772 4312 Ad
801 4263 907 4312 nomina
940 4262 967 4310 in
997 4263 1084 4311 fronte
1114 4263 1183 4326 §24
1217 4262 1324 4310 omuino
1359 4259 1457 4310 omissa

351 4351 383 4400 es.
404 4350 567 4399 Wachholtz
588 4351 605 4400 1.
627 4367 649 4399 c.
670 4367 695 4415 p.
721 4363 758 4402 ΙΙ,
795 4351 869 4399 idem
889 4349 960 4398 cadit
977 4324 1007 4397 ¹in
1026 4349 1041 4413 ᾖ
1062 4349 1094 4398 60
1114 4357 1140 4399 et
1159 4349 1174 4414 ξ
1196 4350 1238 4412 65.
