3302 4894
843 341 881 400 34

675 499 711 560 11.
734 503 787 560 De
808 506 1050 580 antigrapba.

731 601 992 665 ANTIPPAuH.

347 700 567 792 Ἀπολλόδωρος
601 704 757 778 Πασίωνος
787 703 861 765 ἈΛ
927 705 1062 778 Τάληθῆ
1089 692 1275 793 ἐμαρτύρησα
1302 731 1414 793 μαρτυ-

311 807 433 898 χαρνεὺς
469 801 616 892 Στεφάνῳ
654 805 836 879 Μενεκλέους
886 801 973 891 ρήσας
1003 809 1045 870 τὰ
1079 811 1108 872 ἐν
1138 814 1184 890 τῷ
1217 811 1413 895 γραμματείῳ

307 914 448 998 Ἀχαρνεῖ
462 901 728 994 ψευδομαρτυριῶν·
748 907 835 991 τίμη-
885 911 1083 995 γεγραμμένα.

310 1040 353 1100 μα
379 1008 538 1076 τάλαντον.
590 1006 633 1071 τὰ
659 1001 752 1093 ψευδῆ
778 1033 834 1092 μου

308 1109 551 1200 κατεμαρώρησε
579 1111 731 1198 Στέφανος
762 1135 834 1196 μαρ-

307 1213 435 1302 τυρήσας
454 1212 497 1278 τὰ
523 1216 552 1277 ἐν
573 1218 618 1293 τῷ
639 1213 835 1298 γραμματείῳ

307 1318 507 1406 γεγραμμένα·

387 1425 436 1482 De
457 1424 548 1481 buius
570 1422 718 1480 formulae
743 1422 897 1478 scribendi
920 1421 1039 1477 ratione
1065 1420 1105 1476 ad
1127 1429 1305 1497 apparatum
1333 1422 1414 1480 criti-

309 1547 379 1586 cum
401 1526 439 1587 G.
461 1526 499 1586 H.
522 1524 697 1584 Schaeseri¹
720 1525 865 1582 lectorem
887 1525 1040 1581 remisisse
1055 1524 1126 1579 satis
1149 1522 1261 1584 habeo

388 1629 436 1686 De
466 1629 647 1686 auctoritate
675 1635 793 1697 autern,
826 1628 866 1684 de
906 1644 970 1701 qua
1003 1629 1080 1685 sicut
1113 1627 1154 1682 de
1182 1627 1411 1703 insequentium

308 1731 578 1785 instrumentorum
608 1742 700 1782 nemo
729 1724 904 1800 hucusque,
935 1726 1021 1800 quod
1053 1727 1162 1798 sciam,
1196 1731 1411 1804 quaestionem

309 1829 455 1897 instituit,
493 1844 562 1883 eam
603 1828 643 1883 ob
671 1843 795 1883 causam
823 1826 907 1883 haud
934 1825 1021 1884 saciie
1048 1835 1095 1884 est
1122 1830 1271 1888 iudicium
1301 1831 1411 1900 iacere,

309 1931 456 2006 quoniam
478 1931 570 1986 unica
592 1937 637 1986 est
657 1929 735 1986 haec
755 1928 949 2004 antigrapha,
978 1947 1057 2004 quae
1078 1939 1208 1990 aetatem
1230 1934 1311 2003 tuiit;
1340 1952 1410 1991 uam

313 2031 472 2088 formulam
500 2031 581 2087 iilam
610 2030 836 2106 Hyperidem,
866 2032 953 2087 cuius
976 2031 1225 2106 Harpocration2
1254 2036 1410 2092 etiamtum

310 2135 499 2191 mentionem
522 2134 587 2201 init,
608 2150 671 2188 non
694 2133 735 2189 ad
756 2149 815 2188 uos
836 2133 1013 2206 pervenisse
1024 2133 1220 2192 vehementer
1239 2137 1410 2193 dolendum

308 2244 363 2295 est.
405 2234 538 2304 Tamen,
568 2235 591 2290 si
619 2235 722 2291 minus
748 2234 843 2290 altera
868 2233 1060 2309 antigrapha,
1093 2244 1175 2294 certe
1202 2236 1273 2293 huic
1301 2238 1412 2295 instru-

306 2346 410 2394 mento
432 2339 487 2394 tria
498 2336 648 2393 simillima
666 2335 768 2392 adhuc
780 2344 908 2404 exstant,
930 2337 971 2393 ita
985 2345 1017 2392 ut
1038 2337 1167 2394 fortasse
1180 2341 1410 2413 comparatione

309 2440 387 2496 facta
409 2447 438 2495 et
459 2439 697 2494 ratiocinatione
730 2437 867 2494 adbibita
888 2438 929 2494 ad
958 2439 1091 2514 aliquam
1121 2440 1227 2497 iudicii
1248 2441 1411 2514 probabili·

305 2550 398 2598 tatem
421 2541 535 2598 infide
558 2540 761 2596 diiudicanda
783 2541 942 2613 pervenire
965 2542 1055 2598 nobis
1077 2543 1244 2616 contingat.

388 2645 486 2717 Atque
509 2643 606 2716 primo
629 2643 698 2698 ioco
719 2642 850 2698 actionis
872 2641 1001 2699 formula
1021 2662 1058 2700 ex
1077 2647 1217 2703 oratione
1237 2643 1411 2701 Dinarchea

308 2746 455 2827 aduersus
484 2743 657 2800 Proxenum
686 2743 790 2801 habita
816 2762 835 2800 a
855 2743 1006 2820 Dionysio
1033 2744 1293 2804 Halicarnasseo3
1320 2747 1410 2803 nobis

306 2847 416 2903 tradita
438 2853 494 2912 cst,
517 2846 604 2901 cuius
628 2846 720 2901 verba
740 2847 870 2902 maxime
891 2847 931 2902 ad
955 2864 1017 2902 rem
1041 2850 1209 2921 spectantia
1227 2849 1409 2905 exscribam:

305 3040 424 3108 λαντων
444 3038 504 3107 δύο.
527 3043 640 3129 ἔβλαψέ
661 3066 698 3127 με
710 3037 854 3129 Πρόξενος
874 3036 1088 3126 ὑποδεξάμενος
1108 3053 1148 3120 εἰς
1168 3043 1223 3116 τὴν
1242 3047 1335 3109 οἰκίαν
1355 3042 1410 3108 τὶν

306 3151 416 3218 ἑαυτρῦ
428 3196 519 3210 .....
562 3152 609 3209 De
640 3153 702 3209 fide
731 3151 821 3208 huius
850 3151 1028 3225 fragmenti,
1061 3154 1147 3227 quod
1179 3169 1243 3208 nou
1277 3153 1408 3210 orationi

305 3256 362 3328 ipsi
399 3256 561 3323 insertum,
598 3255 653 3310 sed
685 3256 785 3329 ipsum
821 3271 945 3329 quoque
980 3255 1215 3312 instrumentum
1251 3253 1345 3310 fuisse
1372 3272 1408 3310 ex

306 3354 447 3430 Dionysii
468 3357 581 3415 verbis}
609 3351 815 3435 προσκειμένην
842 3343 868 3412 δ’
893 3354 955 3436 ἔχει
974 3348 1029 3422 τὴν
1045 3349 1159 3438 γραφὴν
1186 3347 1302 3421 ταύτην
1325 3355 1408 3411 colli-

307 3458 416 3530 gimus,
438 3458 600 3531 primum
621 3460 768 3534 quoniam
789 3477 808 3515 a
827 3460 930 3514 iudice
951 3459 1002 3515 illo
1019 3459 1209 3516 nobilissimo
1222 3458 1408 3532 antiquitatis

305 3567 451 3634 tanquam
483 3561 654 3634 genuinum
682 3541 818 3629 affertur,
846 3561 979 3617 dubitari
1002 3579 1066 3616 non
1088 3569 1203 3636 potest,
1233 3577 1408 3635 quanquam

306 3660 446 3736 profecto
469 3661 675 3718 offensionem
706 3663 838 3737 aliquam
863 3661 968 3731 habet,
999 3661 1128 3719 Proxeni
1156 3665 1273 3720 nomini
1296 3664 1325 3718 in
1349 3660 1408 3717 ior·

305 3745 387 3817 mula
408 3763 516 3818 addita
543 3781 612 3820 esse
633 3781 689 3837 pro
717 3764 941 3837 significatione
969 3766 1061 3839 patris
1092 3765 1239 3840 pagique,
1262 3799 1301 3806 -
1322 3763 1407 3838 quod

306 3865 336 3918 in
360 3864 503 3920 omnibus
526 3864 587 3921 fere
610 3866 764 3922 eiusmodi
786 3866 993 3922 instrumentis
1016 3865 1128 3923 sactum
1150 3883 1218 3922 esse
1237 3866 1408 3922 videbimus

306 3999 344 4008 -
365 3966 456 4021 verba
480 3965 504 4041 ῳ
528 3955 644 4044 σύνειμι.
686 3966 792 4036 Tum,
820 3969 844 4022 si
872 3969 999 4042 quidem
1026 3985 1096 4024 mox
1123 3968 1314 4024 inveniemus
1341 3973 1407 4021 tau·
1510 3979 1517 3992 ·

304 4074 412 4140 topere
436 4068 514 4123 inter
535 4084 568 4122 se
591 4068 765 4124 consentire
787 4067 865 4124 hanc
886 4067 1047 4125 formulam
1076 4078 1106 4124 et
1127 4067 1407 4136 Demosthenicum,

675 4285 688 4324 2
706 4305 725 4337 s.
743 4305 767 4338 v.
788 4281 940 4357 Ἀντιγραφή.
1042 4287 1055 4326 3
1073 4290 1106 4339 V.
1126 4305 1152 4354 p.
1173 4291 1221 4352 635
1241 4291 1278 4338 R.
