3302 4894
747 285 780 326 21

215 445 275 503 iam
304 465 395 522 supra
418 451 678 508 commemoratis:
703 444 790 509 καθὰ
817 449 880 529 περὶ
904 453 959 521 τῆς
983 443 1054 521 νεῶς
1080 450 1130 512 καὶ
1155 453 1210 511 τοῦ
1235 448 1317 512 σίτου

215 547 327 629 εἴρηται
347 542 430 615 κατὰ
449 553 551 610 ταῦτα
573 552 709 614 eflicitur.

294 650 437 728 Denique
453 655 525 711 milri
541 656 658 711 addere
677 657 766 712 liceat
787 655 866 712 hanc
879 655 1040 713 formulam
1054 657 1112 714 hac
1132 659 1164 714 in
1178 661 1317 715 oratione

215 771 278 809 non
302 755 399 810 solum
423 755 504 812 libris
528 751 627 813 Frlrll
655 759 711 814 sed
738 761 829 814 etiam
855 761 965 815 codice
986 753 1014 816 Σ
1036 759 1179 817 exhiberi.
1221 759 1318 831 Quod

215 855 255 910 ad
276 857 487 912 auctoritatem
510 857 697 915 fulciendam
719 879 757 915 ne
778 862 937 934 permagni
957 862 1106 916 momenti
1127 879 1196 918 esse
1218 862 1320 918 existi·

215 975 368 1014 maternus
406 976 594 1033 magnopere
633 962 804 1016 cavendum
842 980 909 1018 esse
946 980 1015 1018 cum
1049 980 1139 1036 supra
1177 955 1319 1036 explana·

216 1062 363 1130 verimus‚
401 1062 461 1117 alio
495 1062 579 1130 loen,
617 1079 671 1117 cnr
691 1063 813 1137 reliquis
843 1065 963 1120 omissis
996 1063 1056 1120 hoc
1086 1081 1182 1120 unum
1208 1066 1319 1120 instru-

216 1171 360 1246 mentum·
407 1165 440 1220 in
488 1171 570 1227 textu
621 1165 692 1230 cod,
741 1158 768 1221 Σ
819 1172 970 1220 retentum
1017 1183 1084 1222 esse
1128 1182 1318 1235 censeamus

215 1267 394 1337 aperiemus
424 1311 430 1322 .
1377 1255 1378 1260 ί

547 1526 676 1590 PARS
697 1526 986 1590 POSTERIOR.

308 1664 363 1725 De
384 1664 453 1726 litis
474 1652 709 1725 instrumentis
731 1663 765 1724 in
786 1663 1052 1725 Demosthenisl
1073 1664 1229 1726 oratione

489 1765 604 1845 priore
631 1767 799 1827 adversus
821 1765 1047 1846 Stephanum.

710 1921 810 1928 ——

497 2011 499 2016 '
579 2012 601 2069 l.
623 1997 677 2066 De
699 2011 949 2070 testimoniis,

370 2147 393 2189 1.
416 2127 463 2185 De
485 2129 661 2185 testimonio
684 2132 699 2201 ξ
720 2127 748 2188 8.

285 2248 530 2312 ΜΑΡΤῬΡῙΑ.
590 2245 742 2332 Στέφανος
782 2245 965 2318 Μενεκλέους
996 2239 1167 2328 Ἀχαρνεύς,
1201 2237 1318 2316 Ἔνδιος

224 2352 386 2439 Επιγένους
415 2343 608 2434 Λαμπτρεύς,
636 2343 758 2420 Σκύθης
782 2346 954 2432 Ἁρματέως
989 2339 1216 2418 Κυδαθηναιεὺς
1244 2368 1317 2430 μαρ-

214 2458 330 2539 τυροῦσι
359 2461 492 2534 παρεῖναι
517 2446 585 2534 πρὸς
610 2455 655 2530 τῷ
681 2441 821 2530 διαιτητῇ
849 2449 951 2529 Τειςίορ
974 2447 1123 2532 Ἀχαρνεῖ,
1142 2445 1203 2529 Ιὸτε
1230 2471 1317 2528 προσ-

216 2559 339 2618 καλοῖτο
377 2551 513 2636 Φορμίων
538 2541 774 2633 Ἀπολλόδωρον,
810 2556 835 2611 εἰ
862 2544 902 2634 μή
939 2573 1022 2636 φησιν
1049 2549 1215 2636 ἀντίγραφα
1244 2547 1317 2612 εἶναι

214 2662 275 2719 τῶν
306 2649 460 2726 διαθηκῶν
496 2658 558 2715 τῶν
589 2652 745 2726 Πασίωνος
778 2649 814 2713 τὸ
853 2661 1068 2736 γραμματεῖον,
1108 2653 1124 2713 ὂ
1159 2646 1318 2733 ἐνεβάλετο

215 2759 352 2843 Φορμίων
374 2764 412 2830 εἰς
429 2752 481 2818 τὸν
502 2757 604 2839 ἐχῖνον,
625 2753 748 2838 ἀνοίγειν
768 2749 825 2825 τὰς
845 2745 994 2826 διαθήκας
1014 2749 1071 2826 τὰς
1088 2754 1260 2836 Πασίωνος,
1283 2753 1318 2826 οίς

215 2861 374 2945 παρείχετο
400 2855 468 2942 πρὸς
489 2853 540 2918 τὸν
562 2849 717 2925 διαιτητὴν
735 2855 861 2940 Ἀμφίας
881 2854 897 2917 ὁ
917 2855 1144 2941 Κηφισοφῶντος
1164 2847 1317 2927 κηδεστής.

219 2954 434 3044 Απολλίδωρον
458 2953 491 3022 δὲ
518 2958 570 3021 οὐκ
597 2957 714 3020 ἐθέλειν
742 2955 879 3042 ἀνοίγειν·
902 2954 975 3019 εἶναι
995 2950 1029 3019 δὲ
1054 2948 1125 3019 τάδ’
1151 2955 1317 3041 ἀντίγραφα

215 3069 274 3124 τῶν
294 3056 447 3132 διαθηκῶν
467 3066 529 3123 τῶν
550 3059 715 3140 Πασίωρος.

296 3169 343 3226 De
371 3169 462 3225 huius
489 3167 681 3224 instrumenti
711 3168 870 3239 scriptura,
891 3183 984 3239 quae,
1014 3165 1092 3233 sicut
1119 3164 1317 3238 insequentes

213 3271 304 3332 huius
335 3271 481 3327 orationis
509 3267 672 3337 formulae,
700 3267 811 3346 iisdem
831 3267 912 3323 libris
945 3283 1036 3340 supra
1072 3267 1317 3321 commemoratis

214 3368 451 3440 donaretur,
478 3371 556 3428 haec
577 3370 736 3426 monenda
762 3376 841 3425 sunt.
873 3366 950 3440 V.4
978 3385 1047 3424 curn
1069 3369 1102 3423 in
1129 3367 1318 3424 editionibus

214 3469 303 3550 Τισίᾳ
332 3480 437 3542 exstet,
465 3468 493 3530 T
495 3467 583 3548 εισίορ,
618 3489 660 3528 se.
688 3488 743 3545 per
768 3469 973 3544 diphtongum
1000 3471 1032 3526 in
1062 3468 1179 3544 syllaba
1207 3465 1318 3547 priore,

214 3575 445 3632 rescribendum
475 3592 632 3649 propon0,
670 3574 693 3630 si
722 3573 847 3648 quidem
881 3570 961 3628 hanc
988 3573 1133 3645 optimam
1163 3571 1318 3628 scribendi

213 3678 364 3733 rationem
395 3677 484 3733 huius
514 3685 544 3733 et
579 3677 617 3732 ab
645 3676 758 3732 eodem
788 3676 879 3748 stirpe
917 3675 1123 3730 derivatorum
1158 3673 1318 3729 nominum

214 3776 308 3834 luisse
338 3778 431 3834 titulis
459 3775 632 3838 evincitur.2
678 3777 772 3834 Porro
800 3795 827 3836 v,
858 3793 893 3833 ιο
921 3794 991 3833 cum
1030 3776 1112 3832 libris
1141 3774 1319 3832 exhibeatur

285 3992 294 4030 ρ
317 3969 394 4016 Hanc
415 3969 563 4018 orationem
584 3968 761 4018 Demostheni
781 3983 889 4017 revera
909 3965 1077 4017 tribuendam
1097 3981 1170 4024 esse,
1199 3965 1318 4014 Blassius

213 4054 231 4104 l.
255 4072 279 4107 c.
300 4073 326 4122 p.
347 4067 398 4115 412
418 4071 456 4119 sq.
478 4056 556 4106 facile
576 4055 639 4105 mihi
653 4055 793 4120 persuasit.

288 4139 357 4192 2cs.
379 4142 408 4193 C.
428 4144 450 4191 I.
470 4143 505 4193 A.
525 4145 566 4202 11,
595 4157 621 4203 1,
646 4157 693 4208 371
717 4159 741 4192 v.
763 4156 787 4206 7.
814 4169 846 4180 -·
868 4141 899 4190 C.
918 4142 940 4190 1.
962 4140 994 4190 G.
1018 4142 1096 4198 1082;
1120 4142 1181 4190 add.
1205 4149 1318 4200 1925n;

207 4232 281 4279 1108
300 4247 331 4292 g;
353 4231 420 4279 2266
438 4234 473 4280 A.
497 4247 520 4279 v.
540 4244 582 4293 30.

1129 4318 1167 4371 2⁸
