3302 4894
880 330 913 372 12

344 493 470 568 quidem
491 491 616 561 habeat,
646 494 732 568 quod
761 503 868 566 coptra
894 495 988 552 fidem
1015 503 1045 553 et
1074 498 1286 555 auctoritatem
1303 469 1448 575 proferat,

343 594 382 650 ad
409 602 574 652 extremam
596 596 840 652 testimoniorum
864 597 973 654 seriem
996 600 1123 656 transire
1147 600 1246 658 liceat.

494 771 521 827 4.
541 751 589 810 De
611 754 794 810 testimoniis
815 758 847 826 ἕξ
868 769 906 828 33
928 761 959 810 et
980 770 1026 829 34.

423 870 674 935 ΜΑΡ’1ὝΡΙΑ.Ῑ
694 863 918 946 Ἀπολλωνίδης
926 869 1176 955 Ἀλικαρνασσεῦς
1188 886 1330 960 μαρτυρεῖ
1341 870 1448 940 είδένιιι

343 969 521 1039 δανείσαντα
540 974 755 1056 Ἀντίπατρον,
776 973 885 1036 Κιτιέα
906 971 943 1037 τὸ
964 973 1064 1060 γένος,
1085 970 1229 1059 χρίματα
1247 975 1386 1058 ’Τβλσίῳ
1408 984 1447 1052 εἰς

341 1073 394 1140 τὸν
415 1071 532 1142 Πόντον
553 1078 602 1139 ἐπὶ
622 1082 661 1159 τῇ
682 1077 727 1146 νηὶ
751 1077 787 1146 ἣν
804 1071 968 1156 ’Ὑβλήσιος
991 1072 1174 1160 ἐναυκλήρει,
1201 1077 1252 1140 καὶ
1279 1085 1325 1160 τῷ
1345 1075 1447 1161 ναύλῳ

342 1185 388 1262 τῷ
409 1185 448 1254 εἰς
474 1175 525 1242 τόν
545 1173 672 1242 Πόντον·
699 1189 842 1241 κοινωνεῖν
869 1171 903 1242 δὲ
929 1180 980 1242 καὶ
1002 1175 1093 1242 αὐτὸν
1113 1185 1168 1254 τῆς
1188 1177 1259 1254 νεώς
1275 1180 1445 1262 Ὑβλησίῳ,
1488 1173 1499 1188 ”

341 1283 555 1366 καὶσυμπλεῖν
576 1283 686 1344 ἑαυτοῦ
707 1280 824 1354 οἰκέτας
846 1282 876 1344 έν
888 1287 928 1363 τῇ
949 1282 1002 1358 νηί,
1023 1284 1075 1345 καὶ
1091 1281 1144 1346 ὅτε
1159 1277 1306 1369 διεφθάρη
1327 1281 1346 1354 η
1366 1289 1446 1360 ναῦς,

341 1394 474 1467 παρεῖναι
499 1369 568 1457 τοῦς
589 1382 707 1456 οἰκέτας
727 1378 797 1455 τοὺς
818 1384 928 1446 ἑαυτοῦ
949 1385 1000 1446 καὶ
1021 1383 1225 1471 ἀπαγγέλλειν
1247 1387 1366 1466 ἑαυτῷ,
1394 1388 1447 1448 καὶ

341 1484 388 1547 ὅτι
406 1483 425 1555 ἡ
446 1490 515 1558 ναῦς
532 1479 601 1555 κενὴ
622 1471 767 1569 διεφθάρη
786 1484 1000 1568 παραπλέουσα
1027 1491 1066 1559 εἰς
1088 1478 1249 1550 Θεοδοσίαν
1274 1487 1308 1549 ἐκ
1328 1487 1446 1549 Παντι-

339 1588 479 1650 καπαίου.

417 1690 598 1772 Ἐρασικλῆς
622 1698 764 1773 μαρτυρεῖ
783 1692 925 1769 συμπλεῖν
942 1687 1103 1771 Ὑβλησίῳ
1128 1692 1273 1772 κυβερνῶν
1300 1687 1355 1760 τὴν
1374 1696 1447 1752 ναῦν

341 1799 380 1866 εἰς
399 1787 451 1855 τὸν
463 1788 589 1869 Πόντον,
610 1792 662 1852 καί
682 1789 737 1853 ὅτε
757 1789 902 1875 παρέπλει
922 1789 1024 1864 ἠναῦς
1039 1797 1079 1865 εἰς
1093 1783 1254 1856 Θεοδοσίαν
1274 1795 1309 1855 ἐκ
1328 1793 1447 1854 Παντι-

338 1895 477 1972 καπαίου,
499 1886 698 1964 είδέναικενδν
716 1889 771 1964 τὴν
791 1899 862 1956 ναῦν
878 1894 1118 1977 παραπλέουσαν,
1139 1887 1444 1977 καὶἈπολλοδώρου,

341 1997 433 2060 αὐτοῦ
454 2000 509 2058 τοῦ
530 1990 689 2080 φεύγοντος
708 1997 767 2058 νυνὶ
788 1992 843 2066 τὴν
865 1987 1017 2080 δίκην,,μὴ
1038 1992 1111 2058 εἶναι
1130 1993 1203 2059 οἶνον
1225 1998 1320 2077 ἐντῷ
1340 1995 1445 2074 πλοίῳ,

340 2099 423 2160 ἀλλὰ
444 2091 636 2183 παράγεσθαι
657 2102 719 2159 τῶν
740 2099 774 2162 la
793 2081 848 2171 τῆς
864 2090 1023 2172 Θεοδοσίας
1044 2099 1100 2161 τινὶ
1120 2104 1196 2162 οἴνου
1219 2100 1296 2180 Κῷα
1318 2092 1445 2181 κεράμια

339 2202 403 2283 περὶ
423 2193 617 2286 ὀγδοήκοντα.

417 2301 738 2376 ἹππίαςἈθηνίππου
750 2298 1001 2386 Ἀλικαρνασσεῦς
1018 2312 1159 2387 μαρτυρεῖ
1173 2301 1445 2387 συμπλεῖνὝβλη-

339 2405 393 2485 σίῳ
420 2397 562 2468 διοπεύων
582 2400 637 2476 τὴν
657 2409 743 2480 ναῦν,
769 2405 819 2466 καί
843 2403 894 2468 ὅτε
914 2404 1059 2487 παρέπλει
1085 2402 1104 2474 ἡ
1124 2409 1194 2478 ναῦς
1222 2410 1262 2478 εἰς
1284 2396 1446 2468 Θεοδοσίαν

339 2508 373 2568 ἐκ
398 2505 644 2583 Παντικαπαίου,
680 2506 827 2569 ἐνθέσθαι
851 2498 1079 2590 Ἀπολλόδωρον
1110 2512 1149 2580 εἰς
1174 2502 1229 2577 τὴν
1262 2511 1332 2568 ναῦν
1363 2507 1445 2589 ἐρίων

340 2608 460 2694 ἀγγεῖον
489 2602 561 2678 Eril
590 2601 643 2671 δύο
669 2609 721 2670 καὶ
745 2609 886 2692 ταρίχους
914 2603 1041 2691 κεράμια
1069 2602 1172 2670 ἕνδεκα
1199 2603 1218 2678 ἢ
1246 2601 1364 2671 δώδεκα
1392 2610 1445 2671 καὶ

340 2704 462 2798 δέρματ’
489 2713 597 2795 αίγεια,
618 2702 670 2772 δύο
691 2702 801 2792 δεσμάς
822 2705 840 2773 i
861 2721 946 2796 τρεῖς,
968 2709 1045 2773 ἄλλο
1065 2703 1092 2773 δ’
1117 2703 1209 2775 οὐδέν.

418 2808 498 2897 Πρός
518 2804 610 2874 τοῖσδ’
635 2805 865 2897 ἐξεμαρτύρησεν
885 2812 1052 2897 Εὐφίλητος
1073 2813 1243 2896 Δαμοτίμου
1262 2805 1445 2899 Ἀφιδναῖος,

336 2915 457 2990 Ἱππίας
475 2907 637 2999 Τιμοξένου
648 2908 853 2999 Θυμαιτάδης,
874 2911 1054 3000 Σώστρατος
1069 2916 1220 2980 Φιλίππου
1238 2910 1443 2991 Ἑστιαιόθεν,

336 3009 547 3102 Ἀρχενομίδης
568 3015 745 3103 Στράτωνος
767 3011 916 3100 Θριάσιος,
945 3010 1092 3092 Φιλιάδης
1120 3016 1324 3090 Κτησικλέους
1349 3013 1444 3084 Ξυπε-

284 3185 287 3194 ,
337 3115 439 3185 ταιών,

427 3226 474 3284 Ι)ε
497 3228 645 3301 scriptura
660 3225 734 3284 nihil
755 3225 856 3285 habeo
879 3230 963 3304 quod
987 3244 1131 3285 moneam
1153 3228 1211 3284 nisi
1233 3228 1319 3302 quod
1331 3227 1363 3283 in
1385 3226 1446 3283 fine

341 3331 429 3412 primi
457 3330 624 3388 testimonii
651 3338 681 3386 et
709 3331 857 3404 deinceps
877 3317 1051 3394 Θεοδοσίαν,
1078 3329 1164 3404 quod
1197 3329 1267 3385 cod.
1289 3322 1316 3384 Σ
1337 3327 1355 3405 ξ
1376 3340 1444 3401 31‚7

339 3441 370 3488 et
392 3432 410 3510 β
432 3447 517 3505 32,ιι
547 3429 682 3498 exhibet,
712 3430 879 3505 legendum
901 3449 1025 3490 cense0.
1068 3429 1159 3486 Hanc
1182 3430 1346 3486 lectionem
1375 3447 1445 3485 cum

338 3533 474 3590 editores
502 3531 688 3589 Turicenses
719 3537 735 3606 ξ
756 3548 790 3606 3ι
823 3541 854 3588 et
879 3537 894 3606 ξ
916 3549 952 3607 32
975 3533 1012 3589 in
1034 3541 1148 3589 textum
1169 3533 1354 3606 receperint,
1382 3548 1445 3606 qua

338 3652 432 3691 causa
450 3634 577 3691 adducti
595 3635 627 3689 in
639 3634 821 3692 testimoniis
834 3623 997 3694 Θευδοσίαν
1007 3635 1196 3703 retinuerint,
1210 3652 1275 3690 non
1288 3632 1443 3707 intellego.

419 3735 572 3805 Lacritus‚
593 3737 654 3792 iam
672 3753 752 3792 nave
775 3735 912 3794 Athenas
937 3737 1052 3792 reduce
1075 3735 1155 3793 lacta
1176 3737 1381 3809 interrogatus
1404 3735 1443 3792 ab

338 3838 514 3906 Androcle,
549 3856 602 3895 cur
638 3839 802 3912 pecuniam
838 3845 975 3895 mutuam
1010 3847 1160 3913 sumptam
1193 3855 1257 3895 non
1291 3837 1446 3894 solverent

338 3940 458 4009 fratres,
481 3957 550 3996 cum
573 3939 785 4013 respondisset
805 3957 923 3996 merces
944 3940 976 3996 in
994 3941 1101 3996 itinere
1122 3938 1284 4014 naufragio
1305 3940 1443 4013 periisse,

337 4050 441 4100 orator
461 4041 591 4116 primum
613 4058 722 4097 navem
744 4041 858 4098 laesam
877 4059 946 4098 esse
969 4041 1042 4099 nihil
1064 4043 1105 4098 ad
1126 4060 1190 4099 rem
1207 4043 1358 4116 pertinere
1378 4040 1443 4097 dis·

410 4279 420 4322 l
441 4283 481 4336 De
504 4283 631 4352 singulari
647 4298 756 4335 numero
776 4283 907 4340 lemmatis
927 4283 987 4336 vide
1005 4284 1081 4336 huius
1099 4284 1168 4353 disp.
1188 4301 1214 4354 p,
1234 4287 1250 4334 6
1267 4293 1324 4338 not.
1347 4297 1369 4338 t.
