3302 4894
892 305 927 348 22

360 464 433 530 εἶναι
453 460 487 530 δὲ
508 463 555 528 τὰ
573 467 748 553 ἀντίγραφα,
770 471 855 546 quod
878 488 970 527 sensu
995 488 1116 527 cassum
1138 478 1197 539 est,
1226 488 1296 528 cum
1326 470 1462 545 Sauppio

360 575 577 648 reponendum
600 589 714 631 censeo
737 564 810 630 εἶναι
831 559 865 631 δὲ
885 558 954 630 τάδ’
979 567 1155 653 ἀντίγραφα,
1177 573 1294 630 coilatIs
1316 571 1464 629 similibus

360 676 458 732 verbis
472 677 503 731 in
520 675 728 750 hypotheseos
745 693 801 750 tuq
818 667 930 734 ἔστιδὲ
948 669 1115 756 ἀντίγραφα
1133 663 1210 732 τάδε
1227 675 1287 732 τῶν
1302 663 1464 739 διαθηκῶν.

444 778 544 853 Atque
572 785 784 852 argumentum
807 777 897 834 huius
919 778 1085 834 testimonii
1107 779 1189 834 idem
1210 785 1265 846 est,
1287 778 1327 833 de
1348 794 1410 851 quo
1433 777 1464 832 in

361 880 499 936 oratione
522 878 672 936 XXXVIl
695 898 795 936 sermo
818 887 872 937 est.
914 857 974 936 Ubi
996 897 1067 936 cum
1083 881 1198 936 mentio
1221 879 1271 935 fiat
1291 879 1464 935 testamenti

360 979 515 1050 Pasionis,
556 988 658 1037 orator
685 999 717 1038 se
747 982 788 1037 ad
820 982 950 1038 scribam
978 981 1133 1055 publicum
1170 981 1318 1037 convertit
1350 980 1463 1035 verbis:

361 1077 439 1159 λαβὲ
459 1083 514 1151 τῆς
535 1069 683 1151 διαθήκης
703 1074 740 1140 τὸ
761 1076 939 1164 ἀντίγραφον
958 1079 1010 1140 καὶ
1030 1075 1085 1148 τὴν
1106 1073 1263 1160 πρόκλησιν
1277 1071 1393 1146 ταύτην
1413 1077 1466 1138 καὶ

359 1175 416 1252 τὰς
437 1180 596 1264 μαρτυρίας
616 1180 754 1256 ταυταςί,
773 1179 839 1263 παρ’
864 1175 906 1254 οἷς
929 1185 959 1241 αἱ
981 1173 1126 1250 διαθῆκαι
1145 1182 1287 1242 κεῖνται.2

441 1286 593 1344 Secuntur
613 1288 768 1345 lemmata:

470 1383 758 1445 ANTll'PAuON.
801 1383 1064 1450 ΙΙΡΟΚΛΗΣΙΣ.
1107 1382 1358 1445 ΜΑΡΤΤΡΙΑΙ.

441 1489 582 1561 Quorum
603 1491 848 1547 testimoniorum
870 1497 1082 1564 argumentum
1103 1491 1212 1562 ipsum,
1234 1508 1409 1566 quanquam
1431 1492 1463 1548 in

361 1601 435 1648 orat.
448 1590 576 1649 XXXVI
588 1610 652 1648 non
670 1599 935 1662 commemoratur,
957 1600 1059 1648 tamen
1071 1609 1171 1648 rerum
1183 1609 1358 1650 connexum
1374 1610 1463 1667 spec-

360 1695 503 1762 tantibus,
524 1695 700 1751 testimonia
722 1702 795 1752 orat.
817 1693 900 1750 XLV
923 1694 991 1767 §58
1014 1703 1044 1750 ct
1069 1711 1102 1768 19
1124 1693 1256 1750 exhibita
1278 1695 1310 1751 in
1332 1712 1460 1751 numero

359 1814 468 1852 eorum
495 1797 587 1852 luisse
609 1797 811 1853 iudicandum
833 1797 902 1865 erit,
931 1814 1061 1872 quorum
1088 1777 1199 1851 lemma
1220 1790 1462 1853 MAPTTPIAI

361 1898 451 1954 nobis
474 1906 548 1954 orat.
571 1897 698 1954 XXXVI
712 1899 857 1954 traditum
878 1905 933 1956 est.
975 1897 1046 1954 Hoc
1067 1897 1112 1952 vel
1134 1895 1209 1953 inde
1230 1906 1356 1971 apparet
1376 1899 1462 1973 quod

361 2000 507 2056 adversus
520 2007 594 2056 orat.
606 1999 733 2055 XXXVI
745 1999 848 2055 habita
869 2007 916 2055 est
937 2008 1012 2056 orat.
1023 1997 1115 2066 XLV,
1137 2001 1167 2055 in
1190 1996 1250 2073 qua
1272 2018 1290 2056 a
1305 1999 1462 2074 Stephano

362 2100 469 2158 falsum
491 2103 700 2158 testimonium
722 2102 873 2175 prolatum
893 2119 963 2157 esse
983 2109 1085 2157 orator
1107 2099 1293 2159 contendit.³
1490 2087 1492 2095 Α

440 2202 504 2258 Iam
526 2205 549 2259 si
573 2204 612 2258 de
636 2204 816 2258 auctoritate
839 2201 929 2258 buius
950 2203 1116 2259 testimonii
1130 2204 1343 2277 quaestionem
1359 2220 1463 2258 move-

359 2321 443 2371 mus,
473 2307 618 2379 quomam
646 2313 717 2378 post
748 2301 991 2360 Westermanni4
1020 2311 1155 2360 atrocem
1189 2305 1335 2376 impetum
1369 2321 1462 2360 nemo

360 2407 485 2475 exstitit,
518 2408 569 2481 qui
601 2406 805 2480 patrocimum
842 2406 907 2461 eius
940 2407 1122 2478 susciperet,
1153 2405 1239 2479 plura
1267 2415 1356 2462 eruut
1382 2423 1462 2480 quae

363 2509 534 2568 accuratius
558 2507 787 2564 consideranda
809 2506 1072 2581 deliberandaque
1094 2507 1263 2566 videantur.

442 2611 485 2665 Ac
508 2611 638 2682 primum
660 2609 785 2683 quidem
804 2609 1003 2664 testificantur
1018 2616 1111 2664 testes
1126 2607 1262 2666 adfuisse
1282 2608 1366 2681 ipsos
1378 2608 1462 2681 apud

359 2712 512 2768 arbitrum.
556 2711 646 2784 Apud
670 2711 828 2777 arbitrum,
851 2711 962 2778 audio;
989 2711 1045 2767 sed
1068 2711 1166 2785 qualis
1188 2710 1237 2766 hic
1258 2711 1369 2766 arbiter
1397 2709 1463 2778 suit,

359 2821 459 2868 utrum
481 2811 620 2886 publicus
643 2829 681 2866 an
701 2809 853 2884 priuatus?
895 2810 966 2866 Hoc
995 2829 1069 2866 sane
1091 2813 1213 2867 maximi
1235 2813 1381 2867 momenti
1407 2820 1461 2880 est,

358 2932 427 2970 cum
457 2913 481 2968 si
509 2915 643 2987 privatus
672 2911 739 2981 suit,
769 2929 877 2968 omnes
900 2913 1110 2980 difficultatem
1138 2915 1170 2969 in
1202 2912 1313 2986 quibus
1334 2912 1464 2969 haesitat

358 3014 609 3071 IVestermannus
643 3015 683 3070 ad
719 3013 847 3070 nihilum
882 3015 1030 3070 recidant.
1077 3013 1146 3087 Ipse
1175 3012 1291 3072 West.⁵
1321 3033 1360 3069 ne
1385 3013 1460 3070 illud

359 3139 559 3151 .-.,-—--..

429 3211 518 3278 'tr-

428 3298 523 3350 2Νοιι
557 3308 678 3350 accur-ate
710 3300 762 3348 hoc
800 3299 832 3347 ab
867 3307 973 3348 oratore
1013 3314 1164 3364 expressum
1198 3308 1247 3349 est.
1294 3301 1395 3365 Nempe
1429 3316 1461 3348 ex

356 3398 422 3438 orat.
434 3389 557 3448 XLV,19
573 3395 682 3453 apparet
693 3403 772 3435 unum
790 3387 969 3436 tantummodo
990 3386 1081 3456 fuisse,
1102 3388 1170 3450 apud
1188 3403 1264 3450 quern
1275 3393 1461 3436 testamentum

355 3475 507 3539 depositum
528 3483 607 3522 esset.
646 3474 759 3522 RecIIus
783 3475 905 3523 dixisset:
932 3465 976 3531 τὰς
993 3471 1125 3539 μαρτυρίας
1143 3472 1193 3522 τῶν
1211 3472 1412 3541 παραγενομένων
1431 3474 1462 3542 τῇ

357 3556 490 3628 προκλήσει
508 3560 549 3611 καὶ
567 3557 611 3627 τὴν
629 3560 761 3630 μαρτυρίαν
780 3557 834 3626 παρ’
856 3548 877 3628 ᾧ
897 3561 986 3610 κεῖνται
1006 3557 1030 3608 αἱ
1049 3558 1181 3624 διαθῆκαι,
1203 3577 1259 3609 cum
1282 3561 1463 3610 testimonium

357 3649 407 3712 §8
429 3649 463 3697 sit
492 3649 674 3698 tesumonium
704 3644 893 3716 μαρτυρούντων
919 3643 964 3711 τὴν
997 3641 1130 3714 πρόκλησιν
1160 3646 1232 3710 (Au.
1257 3647 1301 3696 Pr.
1326 3664 1352 3712 p.
1378 3648 1460 3714 664),

361 3736 542 3786 testimoninm
561 3741 619 3797 §19
641 3737 707 3790 eius.
729 3737 798 3800 apud
819 3752 896 3800 quem
918 3741 1102 3784 testamentum
1114 3734 1264 3798 depositum
1278 3745 1357 3785 esset.
1396 3738 1462 3785 Ora-

360 3830 445 3871 torem
465 3831 550 3872 auteur
573 3824 618 3872 illa
628 3825 714 3877 minus
734 3831 855 3872 accurata
865 3823 1006 3872 uerborum
1023 3821 1212 3870 coniunctione
1223 3821 1462 3888 breviloquentiam

358 3912 486 3976 quandam
506 3912 672 3960 affectantem
692 3927 766 3960 usum
786 3927 844 3960 esse
865 3911 1018 3976 putaverim.

424 3996 437 4032 3
456 3999 496 4047 De
522 4006 678 4060 argumento
710 4005 736 4046 et
764 4015 884 4047 connexu
908 3999 1057 4047 orationum
1081 3997 1209 4045 XXXVI
1235 4005 1261 4044 et
1286 3997 1365 4044 XLV
1390 3997 1451 4045 vide

353 4085 390 4133 A.
403 4085 530 4134 SebaeIer
548 4086 565 4135 I.
587 4103 608 4134 c.
629 4103 655 4152 p.
679 4066 735 4147 164.
762 4100 810 4151 170
830 4103 868 4153 sq.

424 4171 473 4223 41.
494 4190 516 4222 c.
537 4190 562 4239 p.
585 4185 632 4236 105
654 4190 690 4238 sq.

423 4257 471 4310 51.
493 4276 515 4310 c.
535 4277 560 4326 p.
583 4262 639 4310 106.
