3302 4894
753 349 790 411 35

220 523 320 598 potius
355 519 493 596 profecto
526 520 728 576 iudicandum
761 521 817 576 erit
849 525 1009 592 utramque
1045 517 1212 591 genuinam
1253 535 1322 574 esse

222 642 313 698 quam
338 631 496 697 utramque
519 622 634 678 fictam:
662 621 741 677 Nam
764 621 888 677 duobus
910 619 985 675 locis
1009 620 1136 676 diversis
1158 621 1236 677 duas
1263 619 1323 676 sor-

219 726 316 781 mulas
344 734 405 780 tam
435 724 548 780 similes
574 730 605 779 et
632 723 673 779 ad
700 723 834 779 eandem
862 721 923 777 fere
951 739 1014 777 rem
1037 722 1223 794 pertinentes
1250 722 1322 795 fingi

219 828 367 900 potuisse,
388 843 481 882 nemo
503 825 639 898 prudens
661 823 719 879 sibi
739 823 945 897 persuadebit.

300 926 424 983 Deinde
446 926 720 982 commemoranda
757 932 804 981 est
834 925 1040 981 accusationis
1069 923 1198 981 formula
1219 923 1323 982 Meleti

221 1031 368 1086 adversus
392 1027 559 1095 Socratem,
581 1027 666 1101 apud
687 1025 841 1082 Laertium
863 1024 1059 1100 Diogenem¹
1081 1035 1211 1084 servata:
1237 1014 1323 1084 Τάδε

222 1121 374 1211 ἐγράψατο
395 1126 446 1186 καὶ
467 1118 745 1208 άνθωμολογήσατο
758 1123 889 1195 Μέλιτος
904 1123 1037 1185 Μελίτου
1051 1120 1187 1196 Πιτθεὺς
1201 1119 1324 1206 Σωκρά-

219 1251 265 1290 τει
297 1227 499 1313 Σωφρονίσκου
531 1226 751 1296 Ἀλωπεκῆθεν.
801 1217 898 1286 ἀδικεῖ
925 1218 1103 1306 Σωκράτης,
1141 1226 1189 1298 οὓς
1222 1225 1275 1310 μὲν
1305 1224 1323 1287 i

224 1325 309 1402 πόλις
329 1321 438 1412 νομίζει
458 1324 547 1400 θεοὺς
568 1327 601 1389 οὐ
621 1319 745 1410 νομίζων
766 1372 915 1387 ......
937 1326 1054 1411 τίμημα
1072 1321 1215 1399 θάνατος.

301 1435 443 1510 Denique
465 1436 606 1490 iocosum
637 1434 712 1490 iilud
734 1433 902 1488 accusandi
923 1433 1156 1489 instrumentum
1176 1433 1208 1488 in
1230 1450 1324 1489 causa

221 1540 348 1595 istorum
371 1554 482 1593 canum
507 1537 546 1592 ab
569 1532 794 1609 Aristophane2
811 1541 1013 1590 memoratum
1034 1535 1067 1589 in
1087 1534 1225 1590 medium
1253 1551 1324 1607 pro-

221 1639 296 1696 ferre
319 1641 413 1696 iuvat:
949 1627 1102 1715 ἐγράψατο

461 1730 540 1798 κύων
561 1727 789 1805 Κυδαθηναιεύς
810 1727 923 1812 Λάβητ
940 1726 1081 1808 Ἀἰξωνέα

460 1832 512 1899 τὸν
530 1832 616 1921 τυρὸν
636 1827 746 1898 ἀδικεῖν
766 1833 814 1897 ὅτι
834 1829 918 1917 μονος
938 1827 1102 1904 κατήσθιεν

459 1937 511 2001 τὸν
529 1933 679 2001 σικελικὸν.
700 1937 816 2022 τίμημα
837 1932 932 2016 κλῳὸς
952 1930 1072 2012 σύκινος,

221 2066 282 2123 quo
299 2053 423 2121 poetam
444 2047 625 2116 sollemnem
650 2041 781 2102 actionis
793 2042 953 2099 formulam
975 2042 1122 2099 imitatum
1144 2061 1212 2100 esse
1227 2045 1324 2100 conii·

220 2168 287 2206 cere
313 2150 422 2205 licebit.

299 2250 363 2307 Iam
392 2249 438 2306 his
477 2249 572 2306 tribus
608 2245 768 2304 formulis3
806 2254 837 2303 et
869 2247 1049 2321 antigrapha
1082 2245 1323 2304 Demosthenica

222 2355 299 2410 inter
321 2372 354 2409 se
376 2353 569 2424 comparatis,
590 2352 669 2407 inter
691 2367 799 2406 omnes
818 2349 950 2423 aliquam
972 2349 1162 2408 intercedere
1182 2350 1322 2407 videmus

220 2455 461 2522 similitudinem,
483 2453 613 2509 maxime
633 2461 735 2509 autem
758 2453 798 2508 ad
821 2469 916 2507 unum
938 2450 1076 2520 schema,
1097 2458 1130 2507 ut
1150 2453 1191 2508 ita
1212 2452 1323 2522 dicam,

223 2557 430 2614 conformatas
461 2573 530 2612 esse
567 2554 712 2636 formulas
740 2553 1013 2610 Demosthenicam
1047 2560 1078 2608 et
1106 2551 1322 2616 Dinarcheam.

220 2659 265 2718 Ac
290 2660 420 2732 primum
442 2658 569 2732 quidem
582 2665 711 2731 utroque
733 2657 802 2712 loco
817 2657 988 2712 invenimus
1001 2655 1324 2714 nominativum'accu·

220 2763 328 2817 satoris
355 2761 458 2817 dativo
487 2761 531 2816 rei
561 2761 626 2815 sine
649 2759 741 2814 verbo
768 2759 907 2832 iungenti
928 2759 1111 2832 appositum.
1153 2757 1226 2829 Quo
1252 2759 1322 2816 loco

220 2881 311 2920 voces
331 2850 413 2927 δίκην
433 2851 598 2942 λαγχάνειν
621 2861 809 2936 supplendas
838 2879 906 2917 esse
928 2862 960 2916 in
981 2868 1087 2935 aperto
1117 2879 1184 2917 esse
1207 2862 1323 2930 iudico,

221 2982 296 3038 quas
318 2966 410 3021 etiam
431 2965 463 3020 in
479 2962 625 3020 Dinarchi
647 2963 739 3020 verba
758 2951 920 3020 ταλάντοιν
939 2950 990 3020 δύο
1002 2963 1153 3036 quadrare
1168 2962 1323 3032 videmus3

222 3081 292 3120 nam
313 3052 394 3130 diam
419 3055 584 3146 λαγχάνειν
610 3083 674 3122 non
702 3065 800 3122 solum
830 3066 973 3138 genetivo
995 3065 1127 3121 criminis
1148 3064 1205 3120 sed
1232 3065 1323 3120 etiam

223 3168 363 3238 genetivo
385 3169 497 3225 multae
520 3167 674 3241 subiungi,
696 3167 782 3222 locus
796 3164 1054 3223 Demosthenicus
1074 3167 1105 3222 in
1118 3173 1192 3225 orat.
1206 3163 1322 3240 L1X‚98

222 3269 322 3340 docet,
346 3270 397 3327 ubi
413 3271 557 3345 legimus:
579 3258 765 3350 λαγχάνουσι
788 3255 870 3333 δίκην
888 3273 949 3336 τοῖς
961 3256 1203 3344 Λακεδαιμονίοις
1219 3261 1324 3346 χιλίων

219 3361 380 3429 ταλάντων
400 3365 472 3449 ὑπὲρ
489 3372 550 3429 τῶν
569 3361 744 3452 συμμάχων.
787 3368 930 3427 Ceterum
944 3387 1055 3427 census
1067 3371 1259 3426 notationem
1269 3385 1324 3442 per

219 3475 348 3548 seponi
371 3475 548 3531 sollemnius
576 3473 668 3530 fuisse
697 3493 733 3531 ex
757 3472 856 3542 Dem„
877 3471 977 3534 Laert.
997 3471 1045 3542 Ι).,
1068 3470 1219 3545 Aristoph.
1245 3470 1322 3526 locis

219 3591 310 3646 supra
336 3576 511 3632 memoratis
540 3583 632 3650 patet.
678 3575 773 3632 Porro
801 3575 885 3649 apud
913 3573 1156 3630 Demosthenem
1183 3580 1213 3628 et
1239 3572 1323 3646 apud

219 3672 408 3731 Dinarchum
429 3678 627 3750 grammatica
652 3678 727 3733 ratio
750 3677 782 3733 in
811 3677 979 3733 accusandi
1006 3676 1134 3731 vocibus
1160 3675 1269 3731 mirum
1291 3674 1323 3730 in

221 3777 349 3833 modum
388 3779 465 3834 inter
495 3796 528 3836 se
563 3781 732 3854 conspirat:
766 3777 907 3835 Criminis
942 3778 1022 3834 enim
1056 3778 1182 3833 nornine
1215 3783 1322 3832 notato

217 4003 224 4019 „
292 3957 402 4025 ¹11‚19.

288 4045 403 4114 2Vesp.
423 4049 450 4098 v.'
470 4051 528 4111 894.

289 4134 514 4187 3Accusationis
534 4137 749 4197 instrumentum,
775 4155 842 4203 quae
863 4139 890 4187 in
909 4139 986 4188 Dem.
1008 4153 1047 4188 or.
1075 4137 1108 4186 de
1134 4135 1269 4201 corona§
1292 4147 1322 4200 54

220 4232 305 4274 exstat
327 4225 421 4290 cuique
442 4224 640 4274 Schoemannus
656 4223 725 4290 (Ait.
746 4227 791 4275 Pr.
812 4241 838 4290 p.
860 4224 922 4290 606)
945 4233 1045 4274 tantum
1069 4225 1195 4290 ponderis
1219 4225 1322 4286 tribuit,

220 4310 348 4361 ficticium
368 4328 427 4362 esse
447 4328 526 4377 supra
544 4314 580 4377 (p.
602 4316 626 4374 1)
644 4314 853 4362 commemoravi.

1154 4403 1172 4454 3
