<?xml version="1.0" encoding="UTF-8"?>
<!DOCTYPE html PUBLIC "-//W3C//DTD XHTML 1.0 Transitional//EN"
    "http://www.w3.org/TR/xhtml1/DTD/xhtml1-transitional.dtd">
<html xmlns="http://www.w3.org/1999/xhtml" xml:lang="en" lang="en">
 <head>
  <title>
</title>
<meta http-equiv="Content-Type" content="text/html;charset=utf-8" />
  <meta name='ocr-system' content='tesseract 3.04.00' />
  <meta name='ocr-capabilities' content='ocr_page ocr_carea ocr_par ocr_line ocrx_word'/>
</head>
<body>
  <div class='ocr_page' id='page_1' title='image "./delitisinstrume01kircgoog_0012.png"; bbox 0 0 3302 4894; ppageno 0'>
   <div class='ocr_carea' id='block_1_1' title="bbox 229 950 1334 1818">
    <p class='ocr_par' dir='ltr' id='par_1_1' title="bbox 229 950 1334 1818">
     <span class='ocr_line' id='line_1_1' title="bbox 315 950 1332 1123; baseline -0.002 -19"><span class='ocrx_word' id='word_1_1' title='bbox 315 950 435 1104; x_wconf 88' lang='lat' dir='ltr'>Nulla</span> <span class='ocrx_word' id='word_1_2' title='bbox 456 1044 519 1103; x_wconf 85' lang='lat' dir='ltr'>fere</span> <span class='ocrx_word' id='word_1_3' title='bbox 537 1043 584 1104; x_wconf 95' lang='lat' dir='ltr'>his</span> <span class='ocrx_word' id='word_1_4' title='bbox 597 1046 707 1104; x_wconf 90' lang='lat' dir='ltr'>diebus</span> <span class='ocrx_word' id='word_1_5' title='bbox 726 1047 877 1123; x_wconf 86' lang='lat' dir='ltr'>quaestio,</span> <span class='ocrx_word' id='word_1_6' title='bbox 898 1064 979 1121; x_wconf 89' lang='lat' dir='ltr'>quae</span> <span class='ocrx_word' id='word_1_7' title='bbox 997 1047 1128 1120; x_wconf 86' lang='lat' dir='ltr'><strong>pertinet</strong></span> <span class='ocrx_word' id='word_1_8' title='bbox 1150 1047 1191 1102; x_wconf 90' lang='lat' dir='ltr'>ad</span> <span class='ocrx_word' id='word_1_9' title='bbox 1213 1063 1332 1120; x_wconf 85' lang='lat' dir='ltr'>cogno·</span> 
     </span>
     <span class='ocr_line' id='line_1_2' title="bbox 230 1148 1331 1222; baseline -0.001 -17"><span class='ocrx_word' id='word_1_10' title='bbox 230 1149 366 1206; x_wconf 89' lang='lat' dir='ltr'>scendos</span> <span class='ocrx_word' id='word_1_11' title='bbox 385 1156 522 1205; x_wconf 89' lang='lat' dir='ltr'>oratores</span> <span class='ocrx_word' id='word_1_12' title='bbox 545 1149 672 1218; x_wconf 91' lang='lat' dir='ltr'>Atticos,</span> <span class='ocrx_word' id='word_1_13' title='bbox 694 1149 862 1205; x_wconf 87' lang='lat' dir='ltr'>intricatior</span> <span class='ocrx_word' id='word_1_14' title='bbox 876 1155 906 1204; x_wconf 89' lang='lat' dir='ltr'>et</span> <span class='ocrx_word' id='word_1_15' title='bbox 917 1149 1015 1222; x_wconf 88' lang='lat' dir='ltr'>magis</span> <span class='ocrx_word' id='word_1_16' title='bbox 1038 1148 1153 1204; x_wconf 89' lang='lat' dir='ltr'>lubrica</span> <span class='ocrx_word' id='word_1_17' title='bbox 1178 1155 1225 1205; x_wconf 91' lang='lat' dir='ltr'>est</span> <span class='ocrx_word' id='word_1_18' title='bbox 1239 1165 1331 1222; x_wconf 87' lang='lat' dir='ltr'>quam</span> 
     </span>
     <span class='ocr_line' id='line_1_3' title="bbox 230 1250 1334 1324; baseline -0.001 -18"><span class='ocrx_word' id='word_1_19' title='bbox 230 1267 309 1324; x_wconf 88' lang='lat' dir='ltr'>quae</span> <span class='ocrx_word' id='word_1_20' title='bbox 330 1258 467 1306; x_wconf 87' lang='lat' dir='ltr'>versatur</span> <span class='ocrx_word' id='word_1_21' title='bbox 495 1251 527 1306; x_wconf 92' lang='lat' dir='ltr'>in</span> <span class='ocrx_word' id='word_1_22' title='bbox 548 1251 753 1307; x_wconf 89' lang='lat' dir='ltr'>diiudicanda</span> <span class='ocrx_word' id='word_1_23' title='bbox 781 1251 961 1307; x_wconf 88' lang='lat' dir='ltr'>auctoritate</span> <span class='ocrx_word' id='word_1_24' title='bbox 990 1258 1082 1324; x_wconf 89' lang='lat' dir='ltr'>atquc</span> <span class='ocrx_word' id='word_1_25' title='bbox 1112 1250 1173 1305; x_wconf 88' lang='lat' dir='ltr'>fide</span> <span class='ocrx_word' id='word_1_26' title='bbox 1207 1250 1265 1306; x_wconf 90' lang='lat' dir='ltr'>litis</span> <span class='ocrx_word' id='word_1_27' title='bbox 1288 1251 1334 1305; x_wconf 91' lang='lat' dir='ltr'>in-</span> 
     </span>
     <span class='ocr_line' id='line_1_4' title="bbox 229 1349 1334 1410; baseline 0 -2"><span class='ocrx_word' id='word_1_28' title='bbox 229 1359 467 1409; x_wconf 83' lang='lat' dir='ltr'><strong>strumentorum</strong></span> <span class='ocrx_word' id='word_1_29' title='bbox 490 1352 646 1410; x_wconf 87' lang='lat' dir='ltr'>nonnullis</span> <span class='ocrx_word' id='word_1_30' title='bbox 668 1353 859 1410; x_wconf 87' lang='lat' dir='ltr'>orationibus</span> <span class='ocrx_word' id='word_1_31' title='bbox 879 1353 1070 1408; x_wconf 91' lang='lat' dir='ltr'>insertorum.</span> <span class='ocrx_word' id='word_1_32' title='bbox 1113 1349 1233 1407; x_wconf 83' lang='lat' dir='ltr'>Etenim</span> <span class='ocrx_word' id='word_1_33' title='bbox 1264 1369 1334 1408; x_wconf 92' lang='lat' dir='ltr'>cum</span> 
     </span>
     <span class='ocr_line' id='line_1_5' title="bbox 229 1451 1334 1530; baseline 0 -22"><span class='ocrx_word' id='word_1_34' title='bbox 229 1453 342 1527; x_wconf 89' lang='lat' dir='ltr'>primus</span> <span class='ocrx_word' id='word_1_35' title='bbox 351 1451 397 1530; x_wconf 87' lang='lat' dir='ltr'>Jo.</span> <span class='ocrx_word' id='word_1_36' title='bbox 407 1453 494 1512; x_wconf 86' lang='lat' dir='ltr'>Gust.</span> <span class='ocrx_word' id='word_1_37' title='bbox 502 1452 706 1529; x_wconf 83' lang='lat' dir='ltr'>Droysenius1</span> <span class='ocrx_word' id='word_1_38' title='bbox 720 1453 874 1523; x_wconf 83' lang='lat' dir='ltr'>formulas,</span> <span class='ocrx_word' id='word_1_39' title='bbox 886 1471 966 1529; x_wconf 88' lang='lat' dir='ltr'>quae</span> <span class='ocrx_word' id='word_1_40' title='bbox 978 1460 1096 1510; x_wconf 85' lang='lat' dir='ltr'>exstant</span> <span class='ocrx_word' id='word_1_41' title='bbox 1107 1454 1138 1508; x_wconf 90' lang='lat' dir='ltr'>in</span> <span class='ocrx_word' id='word_1_42' title='bbox 1150 1451 1334 1509; x_wconf 85' lang='lat' dir='ltr'>Demosthe·</span> 
     </span>
     <span class='ocr_line' id='line_1_6' title="bbox 230 1554 1334 1614; baseline 0.001 -3"><span class='ocrx_word' id='word_1_43' title='bbox 230 1556 277 1612; x_wconf 89' lang='lat' dir='ltr'>nis</span> <span class='ocrx_word' id='word_1_44' title='bbox 307 1555 447 1613; x_wconf 91' lang='lat' dir='ltr'>oratione</span> <span class='ocrx_word' id='word_1_45' title='bbox 473 1558 514 1613; x_wconf 88' lang='lat' dir='ltr'>de</span> <span class='ocrx_word' id='word_1_46' title='bbox 541 1574 658 1614; x_wconf 88' lang='lat' dir='ltr'>corona</span> <span class='ocrx_word' id='word_1_47' title='bbox 691 1557 817 1614; x_wconf 88' lang='lat' dir='ltr'>ficticias</span> <span class='ocrx_word' id='word_1_48' title='bbox 847 1574 915 1614; x_wconf 88' lang='lat' dir='ltr'>esse</span> <span class='ocrx_word' id='word_1_49' title='bbox 942 1573 1063 1614; x_wconf 89' lang='lat' dir='ltr'>summo</span> <span class='ocrx_word' id='word_1_50' title='bbox 1086 1554 1334 1612; x_wconf 90' lang='lat' dir='ltr'>omniumhomi-</span> 
     </span>
     <span class='ocr_line' id='line_1_7' title="bbox 231 1656 1334 1733; baseline 0.003 -21"><span class='ocrx_word' id='word_1_51' title='bbox 231 1675 303 1713; x_wconf 92' lang='lat' dir='ltr'>num</span> <span class='ocrx_word' id='word_1_52' title='bbox 332 1659 495 1715; x_wconf 89' lang='lat' dir='ltr'>doctorum</span> <span class='ocrx_word' id='word_1_53' title='bbox 525 1677 680 1716; x_wconf 91' lang='lat' dir='ltr'>consensu</span> <span class='ocrx_word' id='word_1_54' title='bbox 708 1659 860 1716; x_wconf 87' lang='lat' dir='ltr'>effecisset</span> <span class='ocrx_word' id='word_1_55' title='bbox 891 1675 1022 1733; x_wconf 92' lang='lat' dir='ltr'>cumque</span> <span class='ocrx_word' id='word_1_56' title='bbox 1053 1656 1111 1713; x_wconf 85' lang='lat' dir='ltr'>hac</span> <span class='ocrx_word' id='word_1_57' title='bbox 1138 1659 1186 1714; x_wconf 89' lang='lat' dir='ltr'>via</span> <span class='ocrx_word' id='word_1_58' title='bbox 1216 1659 1334 1715; x_wconf 86' lang='lat' dir='ltr'>munita</span> 
     </span>
     <span class='ocr_line' id='line_1_8' title="bbox 230 1757 1334 1818; baseline 0.002 -4"><span class='ocrx_word' id='word_1_59' title='bbox 230 1757 277 1817; x_wconf 89' lang='lat' dir='ltr'>Fr.</span> <span class='ocrx_word' id='word_1_60' title='bbox 295 1759 465 1818; x_wconf 80' lang='lat' dir='ltr'>Frankius2</span> <span class='ocrx_word' id='word_1_61' title='bbox 486 1769 516 1817; x_wconf 87' lang='lat' dir='ltr'>et</span> <span class='ocrx_word' id='word_1_62' title='bbox 531 1762 566 1818; x_wconf 89' lang='lat' dir='ltr'>A.</span> <span class='ocrx_word' id='word_1_63' title='bbox 585 1759 859 1818; x_wconf 79' lang='lat' dir='ltr'>Westerma&#39;nnus3</span> <span class='ocrx_word' id='word_1_64' title='bbox 878 1761 960 1816; x_wconf 89' lang='lat' dir='ltr'>idem</span> <span class='ocrx_word' id='word_1_65' title='bbox 978 1761 1070 1816; x_wconf 87' lang='lat' dir='ltr'>etiarn</span> <span class='ocrx_word' id='word_1_66' title='bbox 1090 1761 1121 1816; x_wconf 90' lang='lat' dir='ltr'>in</span> <span class='ocrx_word' id='word_1_67' title='bbox 1137 1760 1201 1816; x_wconf 86' lang='lat' dir='ltr'>aliis</span> <span class='ocrx_word' id='word_1_68' title='bbox 1220 1761 1334 1816; x_wconf 91' lang='lat' dir='ltr'>oratio-</span> 
     </span>
    </p>
   </div>
   <div class='ocr_carea' id='block_1_2' title="bbox 231 1861 1338 2449">
    <p class='ocr_par' dir='ltr' id='par_1_2' title="bbox 231 1861 1338 2449">
     <span class='ocr_line' id='line_1_9' title="bbox 231 1861 1334 1936; baseline 0.001 -19"><span class='ocrx_word' id='word_1_69' title='bbox 231 1861 322 1918; x_wconf 90' lang='lat' dir='ltr'>nibus</span> <span class='ocrx_word' id='word_1_70' title='bbox 344 1862 555 1918; x_wconf 89' lang='lat' dir='ltr'>demonstrare</span> <span class='ocrx_word' id='word_1_71' title='bbox 570 1863 672 1919; x_wconf 91' lang='lat' dir='ltr'>conati</span> <span class='ocrx_word' id='word_1_72' title='bbox 690 1870 802 1932; x_wconf 87' lang='lat' dir='ltr'>essent,</span> <span class='ocrx_word' id='word_1_73' title='bbox 824 1861 880 1918; x_wconf 91' lang='lat' dir='ltr'>fuit</span> <span class='ocrx_word' id='word_1_74' title='bbox 891 1861 1017 1936; x_wconf 90' lang='lat' dir='ltr'>quidem</span> <span class='ocrx_word' id='word_1_75' title='bbox 1031 1869 1160 1935; x_wconf 90' lang='lat' dir='ltr'>tempus,</span> <span class='ocrx_word' id='word_1_76' title='bbox 1183 1878 1253 1917; x_wconf 86' lang='lat' dir='ltr'>curn</span> <span class='ocrx_word' id='word_1_77' title='bbox 1274 1863 1334 1918; x_wconf 89' lang='lat' dir='ltr'>iam</span> 
     </span>
     <span class='ocr_line' id='line_1_10' title="bbox 231 1953 1335 2038; baseline 0.001 -21"><span class='ocrx_word' id='word_1_78' title='bbox 231 1961 346 2019; x_wconf 92' lang='lat' dir='ltr'>nemini</span> <span class='ocrx_word' id='word_1_79' title='bbox 369 1962 431 2020; x_wconf 89' lang='lat' dir='ltr'>sere</span> <span class='ocrx_word' id='word_1_80' title='bbox 453 1964 494 2020; x_wconf 91' lang='lat' dir='ltr'>de</span> <span class='ocrx_word' id='word_1_81' title='bbox 516 1963 592 2020; x_wconf 88' lang='lat' dir='ltr'>salsa</span> <span class='ocrx_word' id='word_1_82' title='bbox 613 1965 732 2038; x_wconf 87' lang='lat' dir='ltr'>origine</span> <span class='ocrx_word' id='word_1_83' title='bbox 751 1953 810 2020; x_wconf 87' lang='lat' dir='ltr'>iitis</span> <span class='ocrx_word' id='word_1_84' title='bbox 824 1965 1095 2020; x_wconf 88' lang='lat' dir='ltr'>instrumentorum</span> <span class='ocrx_word' id='word_1_85' title='bbox 1109 1963 1228 2019; x_wconf 84' lang='lat' dir='ltr'>illorum</span> <span class='ocrx_word' id='word_1_86' title='bbox 1245 1963 1335 2019; x_wconf 92' lang='lat' dir='ltr'>dubi-</span> 
     </span>
     <span class='ocr_line' id='line_1_11' title="bbox 231 2065 1334 2140; baseline 0.004 -20"><span class='ocrx_word' id='word_1_87' title='bbox 231 2065 359 2121; x_wconf 81' lang='lat' dir='ltr'>tandum</span> <span class='ocrx_word' id='word_1_88' title='bbox 376 2073 466 2124; x_wconf 89' lang='lat' dir='ltr'>esset.</span> <span class='ocrx_word' id='word_1_89' title='bbox 510 2066 571 2123; x_wconf 89' lang='lat' dir='ltr'>Sed</span> <span class='ocrx_word' id='word_1_90' title='bbox 588 2085 658 2122; x_wconf 93' lang='lat' dir='ltr'>cum</span> <span class='ocrx_word' id='word_1_91' title='bbox 680 2085 742 2122; x_wconf 88' lang='lat' dir='ltr'>rem</span> <span class='ocrx_word' id='word_1_92' title='bbox 756 2066 927 2123; x_wconf 81' lang='lat' dir='ltr'>accuratius</span> <span class='ocrx_word' id='word_1_93' title='bbox 939 2066 1147 2122; x_wconf 87' lang='lat' dir='ltr'>consideranti</span> <span class='ocrx_word' id='word_1_94' title='bbox 1169 2066 1216 2121; x_wconf 90' lang='lat' dir='ltr'>vel</span> <span class='ocrx_word' id='word_1_95' title='bbox 1231 2084 1285 2140; x_wconf 89' lang='lat' dir='ltr'>per</span> <span class='ocrx_word' id='word_1_96' title='bbox 1301 2084 1334 2124; x_wconf 87' lang='lat' dir='ltr'>se</span> 
     </span>
     <span class='ocr_line' id='line_1_12' title="bbox 231 2147 1338 2243; baseline 0 -20"><span class='ocrx_word' id='word_1_97' title='bbox 231 2167 442 2224; x_wconf 89' lang='lat' dir='ltr'>confitendum</span> <span class='ocrx_word' id='word_1_98' title='bbox 466 2178 546 2226; x_wconf 89' lang='lat' dir='ltr'>esset</span> <span class='ocrx_word' id='word_1_99' title='bbox 565 2168 707 2226; x_wconf 89' lang='lat' dir='ltr'>homines</span> <span class='ocrx_word' id='word_1_100' title='bbox 726 2170 837 2226; x_wconf 91' lang='lat' dir='ltr'>doctos</span> <span class='ocrx_word' id='word_1_101' title='bbox 848 2147 1054 2243; x_wconf 84' lang='lat' dir='ltr'>Droysenium</span> <span class='ocrx_word' id='word_1_102' title='bbox 1076 2156 1259 2224; x_wconf 85' lang='lat' dir='ltr'>subsecutos</span> <span class='ocrx_word' id='word_1_103' title='bbox 1276 2167 1338 2224; x_wconf 93' lang='lat' dir='ltr'>hoc</span> 
     </span>
     <span class='ocr_line' id='line_1_13' title="bbox 231 2263 1337 2344; baseline 0.002 -20"><span class='ocrx_word' id='word_1_104' title='bbox 231 2269 262 2325; x_wconf 89' lang='lat' dir='ltr'>in</span> <span class='ocrx_word' id='word_1_105' title='bbox 282 2271 409 2343; x_wconf 81' lang='lat' dir='ltr'>negotio</span> <span class='ocrx_word' id='word_1_106' title='bbox 432 2269 603 2328; x_wconf 85' lang='lat' dir='ltr'>factitando</span> <span class='ocrx_word' id='word_1_107' title='bbox 626 2280 729 2328; x_wconf 89' lang='lat' dir='ltr'>mente</span> <span class='ocrx_word' id='word_1_108' title='bbox 751 2263 903 2344; x_wconf 82' lang='lat' dir='ltr'>occupata</span> <span class='ocrx_word' id='word_1_109' title='bbox 923 2278 954 2326; x_wconf 90' lang='lat' dir='ltr'>et</span> <span class='ocrx_word' id='word_1_110' title='bbox 976 2270 1122 2343; x_wconf 90' lang='lat' dir='ltr'>opinione</span> <span class='ocrx_word' id='word_1_111' title='bbox 1141 2276 1337 2344; x_wconf 86' lang='lat' dir='ltr'>praesumpta</span> 
     </span>
     <span class='ocr_line' id='line_1_14' title="bbox 232 2371 1337 2449; baseline 0 -23"><span class='ocrx_word' id='word_1_112' title='bbox 232 2371 312 2428; x_wconf 92' lang='lat' dir='ltr'>iusto</span> <span class='ocrx_word' id='word_1_113' title='bbox 325 2390 417 2446; x_wconf 86' lang='lat' dir='ltr'>saepe</span> <span class='ocrx_word' id='word_1_114' title='bbox 429 2373 579 2430; x_wconf 87' lang='lat' dir='ltr'>audacius</span> <span class='ocrx_word' id='word_1_115' title='bbox 592 2391 772 2448; x_wconf 86' lang='lat' dir='ltr'>progressos</span> <span class='ocrx_word' id='word_1_116' title='bbox 789 2392 867 2444; x_wconf 87' lang='lat' dir='ltr'>esse,</span> <span class='ocrx_word' id='word_1_117' title='bbox 884 2375 1020 2448; x_wconf 90' lang='lat' dir='ltr'>inprimis</span> <span class='ocrx_word' id='word_1_118' title='bbox 1032 2379 1135 2449; x_wconf 84' lang='lat' dir='ltr'>autem</span> <span class='ocrx_word' id='word_1_119' title='bbox 1147 2379 1337 2446; x_wconf 85' lang='lat' dir='ltr'>argumenta,</span> 
     </span>
    </p>
   </div>
   <div class='ocr_carea' id='block_1_3' title="bbox 232 2473 1339 3261">
    <p class='ocr_par' dir='ltr' id='par_1_3' title="bbox 232 2473 1339 3261">
     <span class='ocr_line' id='line_1_15' title="bbox 233 2473 1337 2546; baseline 0.001 -17"><span class='ocrx_word' id='word_1_120' title='bbox 233 2490 310 2546; x_wconf 88' lang='lat' dir='ltr'>quae</span> <span class='ocrx_word' id='word_1_121' title='bbox 321 2473 572 2531; x_wconf 87' lang='lat' dir='ltr'>Westermannus</span> <span class='ocrx_word' id='word_1_122' title='bbox 591 2481 698 2531; x_wconf 86' lang='lat' dir='ltr'>contra</span> <span class='ocrx_word' id='word_1_123' title='bbox 717 2476 927 2540; x_wconf 86' lang='lat' dir='ltr'>auctoritatem</span> <span class='ocrx_word' id='word_1_124' title='bbox 939 2474 1186 2532; x_wconf 86' lang='lat' dir='ltr'>testimoniorum</span> <span class='ocrx_word' id='word_1_125' title='bbox 1199 2475 1337 2530; x_wconf 90' lang='lat' dir='ltr'>omnium</span> 
     </span>
     <span class='ocr_line' id='line_1_16' title="bbox 234 2573 1337 2652; baseline 0.001 -22"><span class='ocrx_word' id='word_1_126' title='bbox 234 2575 273 2630; x_wconf 91' lang='lat' dir='ltr'>ab</span> <span class='ocrx_word' id='word_1_127' title='bbox 285 2575 351 2650; x_wconf 86' lang='lat' dir='ltr'>ipso</span> <span class='ocrx_word' id='word_1_128' title='bbox 365 2575 630 2633; x_wconf 73' lang='lat' dir='ltr'>examinatorum4</span> <span class='ocrx_word' id='word_1_129' title='bbox 650 2577 784 2650; x_wconf 88' lang='lat' dir='ltr'>protulit,</span> <span class='ocrx_word' id='word_1_130' title='bbox 806 2573 1001 2652; x_wconf 82' lang='lat' dir='ltr'>nequaquam</span> <span class='ocrx_word' id='word_1_131' title='bbox 1014 2578 1134 2634; x_wconf 90' lang='lat' dir='ltr'>itaesse</span> <span class='ocrx_word' id='word_1_132' title='bbox 1151 2583 1337 2649; x_wconf 87' lang='lat' dir='ltr'>comparata,</span> 
     </span>
     <span class='ocr_line' id='line_1_17' title="bbox 233 2677 1337 2750; baseline -0.001 -17"><span class='ocrx_word' id='word_1_133' title='bbox 233 2677 343 2750; x_wconf 87' lang='lat' dir='ltr'>quibus</span> <span class='ocrx_word' id='word_1_134' title='bbox 378 2678 604 2734; x_wconf 89' lang='lat' dir='ltr'>adduceremur</span> <span class='ocrx_word' id='word_1_135' title='bbox 647 2686 679 2735; x_wconf 95' lang='lat' dir='ltr'>ut</span> <span class='ocrx_word' id='word_1_136' title='bbox 717 2687 832 2735; x_wconf 89' lang='lat' dir='ltr'>temere</span> <span class='ocrx_word' id='word_1_137' title='bbox 873 2679 966 2735; x_wconf 89' lang='lat' dir='ltr'>fidem</span> <span class='ocrx_word' id='word_1_138' title='bbox 1001 2678 1198 2746; x_wconf 87' lang='lat' dir='ltr'>haberemus,</span> <span class='ocrx_word' id='word_1_139' title='bbox 1244 2677 1337 2733; x_wconf 92' lang='lat' dir='ltr'>titulis</span> 
     </span>
     <span class='ocr_line' id='line_1_18' title="bbox 233 2776 1338 2856; baseline 0.003 -24"><span class='ocrx_word' id='word_1_140' title='bbox 233 2776 352 2835; x_wconf 85' lang='lat' dir='ltr'>interim</span> <span class='ocrx_word' id='word_1_141' title='bbox 374 2781 499 2853; x_wconf 90' lang='lat' dir='ltr'>repertis</span> <span class='ocrx_word' id='word_1_142' title='bbox 523 2780 687 2837; x_wconf 89' lang='lat' dir='ltr'>nonnullas</span> <span class='ocrx_word' id='word_1_143' title='bbox 704 2778 860 2850; x_wconf 77' lang='lat' dir='ltr'>formulae,</span> <span class='ocrx_word' id='word_1_144' title='bbox 883 2797 963 2856; x_wconf 89' lang='lat' dir='ltr'>quae</span> <span class='ocrx_word' id='word_1_145' title='bbox 983 2781 1061 2837; x_wconf 89' lang='lat' dir='ltr'>inter</span> <span class='ocrx_word' id='word_1_146' title='bbox 1080 2787 1234 2837; x_wconf 86' lang='lat' dir='ltr'>oratorum</span> <span class='ocrx_word' id='word_1_147' title='bbox 1247 2779 1338 2835; x_wconf 90' lang='lat' dir='ltr'>verba</span> 
     </span>
     <span class='ocr_line' id='line_1_19' title="bbox 233 2871 1337 2956; baseline 0 -20"><span class='ocrx_word' id='word_1_148' title='bbox 233 2881 393 2954; x_wconf 65' lang='lat' dir='ltr'>leguntur„</span> <span class='ocrx_word' id='word_1_149' title='bbox 426 2898 513 2939; x_wconf 89' lang='lat' dir='ltr'>veras</span> <span class='ocrx_word' id='word_1_150' title='bbox 542 2871 835 2956; x_wconf 48' lang='lat' dir='ltr'>probari&#39;effectum</span> <span class='ocrx_word' id='word_1_151' title='bbox 864 2890 923 2952; x_wconf 90' lang='lat' dir='ltr'>est;</span> <span class='ocrx_word' id='word_1_152' title='bbox 954 2879 1181 2939; x_wconf 78' lang='lat' dir='ltr'>Kirchhoffius⁵</span> <span class='ocrx_word' id='word_1_153' title='bbox 1210 2881 1337 2956; x_wconf 88' lang='lat' dir='ltr'>quidem</span> 
     </span>
     <span class='ocr_line' id='line_1_20' title="bbox 232 2980 1337 3061; baseline 0.001 -24"><span class='ocrx_word' id='word_1_154' title='bbox 232 2981 264 3037; x_wconf 91' lang='lat' dir='ltr'>in</span> <span class='ocrx_word' id='word_1_155' title='bbox 291 2982 386 3038; x_wconf 89' lang='lat' dir='ltr'>titulo·</span> <span class='ocrx_word' id='word_1_156' title='bbox 405 2983 443 3041; x_wconf 85' lang='lat' dir='ltr'>ol.</span> <span class='ocrx_word' id='word_1_157' title='bbox 466 2999 513 3058; x_wconf 75' lang='lat'>91·</span> <span class='ocrx_word' id='word_1_158' title='bbox 541 2980 628 3061; x_wconf 72' lang='grc'><em>31402</em></span> <span class='ocrx_word' id='word_1_159' title='bbox 658 2985 785 3041; x_wconf 89' lang='lat' dir='ltr'>nomina</span> <span class='ocrx_word' id='word_1_160' title='bbox 809 2984 959 3041; x_wconf 87' lang='lat' dir='ltr'>nonnulla</span> <span class='ocrx_word' id='word_1_161' title='bbox 986 2984 1230 3052; x_wconf 86' lang='lat' dir='ltr'>coniuratorum,</span> <span class='ocrx_word' id='word_1_162' title='bbox 1258 3000 1337 3057; x_wconf 91' lang='lat' dir='ltr'>quae</span> 
     </span>
     <span class='ocr_line' id='line_1_21' title="bbox 235 3083 1337 3159; baseline 0.001 -21"><span class='ocrx_word' id='word_1_163' title='bbox 235 3083 348 3140; x_wconf 88' lang='lat' dir='ltr'>inserta</span> <span class='ocrx_word' id='word_1_164' title='bbox 370 3092 441 3141; x_wconf 90' lang='lat' dir='ltr'>sunt</span> <span class='ocrx_word' id='word_1_165' title='bbox 468 3086 562 3141; x_wconf 85' lang='lat' dir='ltr'>textui</span> <span class='ocrx_word' id='word_1_166' title='bbox 592 3086 766 3142; x_wconf 86' lang='lat' dir='ltr'>Andocidis</span> <span class='ocrx_word' id='word_1_167' title='bbox 786 3086 933 3156; x_wconf 87' lang='lat' dir='ltr'>orationis</span> <span class='ocrx_word' id='word_1_168' title='bbox 961 3086 1002 3141; x_wconf 89' lang='lat' dir='ltr'>de</span> <span class='ocrx_word' id='word_1_169' title='bbox 1029 3086 1191 3159; x_wconf 87' lang='lat' dir='ltr'>mysteriis,</span> <span class='ocrx_word' id='word_1_170' title='bbox 1220 3091 1337 3140; x_wconf 87' lang='lat' dir='ltr'>exstare</span> 
     </span>
     <span class='ocr_line' id='line_1_22' title="bbox 233 3185 1339 3261; baseline -0.001 -21"><span class='ocrx_word' id='word_1_171' title='bbox 233 3185 370 3241; x_wconf 88' lang='lat' dir='ltr'>ostendit</span> <span class='ocrx_word' id='word_1_172' title='bbox 390 3193 420 3242; x_wconf 94' lang='lat' dir='ltr'>et</span> <span class='ocrx_word' id='word_1_173' title='bbox 440 3185 478 3246; x_wconf 87' lang='lat' dir='ltr'>U.</span> <span class='ocrx_word' id='word_1_174' title='bbox 496 3185 693 3243; x_wconf 83' lang='lat' dir='ltr'>Koehlerus6</span> <span class='ocrx_word' id='word_1_175' title='bbox 714 3194 830 3261; x_wconf 88' lang='lat' dir='ltr'>partem</span> <span class='ocrx_word' id='word_1_176' title='bbox 854 3188 928 3261; x_wconf 86' lang='lat' dir='ltr'>legis</span> <span class='ocrx_word' id='word_1_177' title='bbox 949 3185 1108 3255; x_wconf 88' lang='lat' dir='ltr'>formulae,</span> <span class='ocrx_word' id='word_1_178' title='bbox 1129 3203 1207 3260; x_wconf 88' lang='lat' dir='ltr'>quae</span> <span class='ocrx_word' id='word_1_179' title='bbox 1230 3185 1339 3258; x_wconf 85' lang='lat' dir='ltr'>legitur</span> 
     </span>
    </p>
   </div>
   <div class='ocr_carea' id='block_1_4' title="bbox 232 3405 1339 3913">
    <p class='ocr_par' dir='ltr' id='par_1_4' title="bbox 307 3405 1110 3476">
     <span class='ocr_line' id='line_1_23' title="bbox 307 3405 1110 3476; baseline 0.004 -19"><span class='ocrx_word' id='word_1_180' title='bbox 307 3405 314 3446; x_wconf 89' lang='lat'><strong>¹</strong></span> <span class='ocrx_word' id='word_1_181' title='bbox 334 3410 490 3460; x_wconf 87' lang='lat' dir='ltr'>Zeitschrist</span> <span class='ocrx_word' id='word_1_182' title='bbox 510 3413 528 3461; x_wconf 84' lang='lat' dir='ltr'>f.</span> <span class='ocrx_word' id='word_1_183' title='bbox 550 3413 575 3463; x_wconf 90' lang='lat' dir='ltr'>d.</span> <span class='ocrx_word' id='word_1_184' title='bbox 593 3411 833 3462; x_wconf 86' lang='lat' dir='ltr'>Alterthumswiss.</span> <span class='ocrx_word' id='word_1_185' title='bbox 858 3413 931 3474; x_wconf 79' lang='lat'>1839.</span> <span class='ocrx_word' id='word_1_186' title='bbox 952 3427 978 3476; x_wconf 91' lang='lat' dir='ltr'>p.</span> <span class='ocrx_word' id='word_1_187' title='bbox 1001 3422 1049 3475; x_wconf 84' lang='lat'>537</span> <span class='ocrx_word' id='word_1_188' title='bbox 1071 3427 1110 3476; x_wconf 88' lang='lat' dir='ltr'>sq.</span> 
     </span>
    </p>

    <p class='ocr_par' dir='ltr' id='par_1_5' title="bbox 232 3493 1337 3648">
     <span class='ocr_line' id='line_1_24' title="bbox 307 3493 1337 3564; baseline 0.001 -19"><span class='ocrx_word' id='word_1_189' title='bbox 307 3493 381 3546; x_wconf 75' lang='grc' dir='ltr'>2Βε</span> <span class='ocrx_word' id='word_1_190' title='bbox 411 3496 499 3561; x_wconf 85' lang='lat' dir='ltr'>legum</span> <span class='ocrx_word' id='word_1_191' title='bbox 529 3497 664 3558; x_wconf 83' lang='lat' dir='ltr'>formulis,</span> <span class='ocrx_word' id='word_1_192' title='bbox 694 3515 760 3564; x_wconf 86' lang='lat' dir='ltr'>quae</span> <span class='ocrx_word' id='word_1_193' title='bbox 789 3499 816 3548; x_wconf 87' lang='lat' dir='ltr'>in</span> <span class='ocrx_word' id='word_1_194' title='bbox 846 3497 1036 3547; x_wconf 87' lang='lat' dir='ltr'>Demosthenis</span> <span class='ocrx_word' id='word_1_195' title='bbox 1061 3499 1246 3548; x_wconf 87' lang='lat' dir='ltr'>Aristocratea</span> <span class='ocrx_word' id='word_1_196' title='bbox 1274 3514 1337 3562; x_wconf 86' lang='lat' dir='ltr'>repe</span> 
     </span>
     <span class='ocr_line' id='line_1_25' title="bbox 232 3582 597 3648; baseline 0.011 -17"><span class='ocrx_word' id='word_1_197' title='bbox 232 3582 342 3634; x_wconf 86' lang='lat' dir='ltr'>riuntur.</span> <span class='ocrx_word' id='word_1_198' title='bbox 379 3586 499 3635; x_wconf 86' lang='lat' dir='ltr'>Misenae</span> <span class='ocrx_word' id='word_1_199' title='bbox 522 3587 597 3648; x_wconf 85' lang='lat'>1848.</span> 
     </span>
    </p>

    <p class='ocr_par' dir='ltr' id='par_1_6' title="bbox 232 3665 1339 3913">
     <span class='ocr_line' id='line_1_26' title="bbox 303 3665 1339 3738; baseline 0.002 -19"><span class='ocrx_word' id='word_1_200' title='bbox 303 3665 375 3720; x_wconf 80' lang='lat' dir='ltr'>³De</span> <span class='ocrx_word' id='word_1_201' title='bbox 402 3673 459 3722; x_wconf 86' lang='lat' dir='ltr'>litis</span> <span class='ocrx_word' id='word_1_202' title='bbox 483 3673 678 3731; x_wconf 83' lang='lat' dir='ltr'>instrumentis,</span> <span class='ocrx_word' id='word_1_203' title='bbox 704 3689 770 3738; x_wconf 90' lang='lat' dir='ltr'>quae</span> <span class='ocrx_word' id='word_1_204' title='bbox 795 3680 898 3722; x_wconf 86' lang='lat' dir='ltr'>exstant</span> <span class='ocrx_word' id='word_1_205' title='bbox 921 3674 948 3722; x_wconf 87' lang='lat' dir='ltr'>in</span> <span class='ocrx_word' id='word_1_206' title='bbox 972 3674 1050 3723; x_wconf 88' lang='lat' dir='ltr'>Dem.</span> <span class='ocrx_word' id='word_1_207' title='bbox 1075 3680 1141 3722; x_wconf 87' lang='lat' dir='ltr'>orat.</span> <span class='ocrx_word' id='word_1_208' title='bbox 1168 3672 1195 3721; x_wconf 87' lang='lat' dir='ltr'>in</span> <span class='ocrx_word' id='word_1_209' title='bbox 1219 3671 1339 3721; x_wconf 88' lang='lat' dir='ltr'>Midiam.</span> 
     </span>
     <span class='ocr_line' id='line_1_27' title="bbox 233 3756 1339 3822; baseline 0.002 -18"><span class='ocrx_word' id='word_1_210' title='bbox 233 3756 308 3821; x_wconf 87' lang='lat' dir='ltr'>Lips.</span> <span class='ocrx_word' id='word_1_211' title='bbox 334 3759 407 3821; x_wconf 88' lang='lat'>1844.</span> <span class='ocrx_word' id='word_1_212' title='bbox 428 3787 463 3796; x_wconf 94' lang='lat'><em>-</em></span> <span class='ocrx_word' id='word_1_213' title='bbox 484 3759 726 3822; x_wconf 86' lang='lat' dir='ltr'>Untersuchungen</span> <span class='ocrx_word' id='word_1_214' title='bbox 744 3760 811 3809; x_wconf 88' lang='lat' dir='ltr'>iiber</span> <span class='ocrx_word' id='word_1_215' title='bbox 830 3760 874 3809; x_wconf 89' lang='lat' dir='ltr'>die</span> <span class='ocrx_word' id='word_1_216' title='bbox 898 3761 988 3809; x_wconf 87' lang='lat' dir='ltr'>indie</span> <span class='ocrx_word' id='word_1_217' title='bbox 1008 3760 1141 3810; x_wconf 87' lang='lat' dir='ltr'>attischen</span> <span class='ocrx_word' id='word_1_218' title='bbox 1155 3759 1266 3808; x_wconf 87' lang='lat' dir='ltr'>Redner</span> <span class='ocrx_word' id='word_1_219' title='bbox 1285 3758 1339 3807; x_wconf 87' lang='lat' dir='ltr'>ein-</span> 
     </span>
     <span class='ocr_line' id='line_1_28' title="bbox 232 3843 1338 3913; baseline 0.001 -21"><span class='ocrx_word' id='word_1_220' title='bbox 232 3843 356 3907; x_wconf 83' lang='lat' dir='ltr'>gelegten</span> <span class='ocrx_word' id='word_1_221' title='bbox 380 3848 529 3897; x_wconf 89' lang='lat' dir='ltr'>Urkundeu</span> <span class='ocrx_word' id='word_1_222' title='bbox 563 3848 602 3912; x_wconf 87' lang='lat' dir='ltr'>(in</span> <span class='ocrx_word' id='word_1_223' title='bbox 626 3847 743 3910; x_wconf 87' lang='lat' dir='ltr'>Abhdlg.</span> <span class='ocrx_word' id='word_1_224' title='bbox 772 3849 798 3897; x_wconf 93' lang='lat' dir='ltr'>d.</span> <span class='ocrx_word' id='word_1_225' title='bbox 825 3847 910 3899; x_wconf 66' lang='lat' dir='ltr'>sachs.</span> <span class='ocrx_word' id='word_1_226' title='bbox 935 3847 999 3898; x_wconf 88' lang='lat' dir='ltr'>Ges.</span> <span class='ocrx_word' id='word_1_227' title='bbox 1020 3848 1086 3913; x_wconf 89' lang='lat' dir='ltr'>phil.</span> <span class='ocrx_word' id='word_1_228' title='bbox 1105 3847 1164 3898; x_wconf 88' lang='lat' dir='ltr'>hist.</span> <span class='ocrx_word' id='word_1_229' title='bbox 1188 3846 1228 3896; x_wconf 91' lang='lat' dir='ltr'>Cl.</span> <span class='ocrx_word' id='word_1_230' title='bbox 1252 3845 1305 3894; x_wconf 89' lang='lat' dir='ltr'>vol.</span> <span class='ocrx_word' id='word_1_231' title='bbox 1325 3847 1338 3894; x_wconf 97' lang='lat' dir='ltr'>I</span> 
     </span>
    </p>
   </div>
   <div class='ocr_carea' id='block_1_5' title="bbox 234 3935 1338 4350">
    <p class='ocr_par' dir='ltr' id='par_1_7' title="bbox 236 3935 457 4002">
     <span class='ocr_line' id='line_1_29' title="bbox 236 3935 457 4002; baseline 0.009 -20"><span class='ocrx_word' id='word_1_232' title='bbox 236 3935 301 3998; x_wconf 85' lang='lat'>1850</span> <span class='ocrx_word' id='word_1_233' title='bbox 322 3952 350 4000; x_wconf 91' lang='lat' dir='ltr'>p.</span> <span class='ocrx_word' id='word_1_234' title='bbox 373 3949 383 3983; x_wconf 90' lang='lat'>1</span> <span class='ocrx_word' id='word_1_235' title='bbox 408 3935 457 4002; x_wconf 82' lang='lat' dir='ltr'>sq.)</span> 
     </span>
    </p>

    <p class='ocr_par' dir='ltr' id='par_1_8' title="bbox 234 4019 1338 4176">
     <span class='ocr_line' id='line_1_30' title="bbox 303 4019 1338 4086; baseline -0.002 -16"><span class='ocrx_word' id='word_1_236' title='bbox 303 4019 456 4086; x_wconf 75' lang='lat' dir='ltr'>⁴·Prusung</span> <span class='ocrx_word' id='word_1_237' title='bbox 476 4023 589 4073; x_wconf 74' lang='lat' dir='ltr'>stmmtt.</span> <span class='ocrx_word' id='word_1_238' title='bbox 609 4024 636 4072; x_wconf 88' lang='lat' dir='ltr'>in</span> <span class='ocrx_word' id='word_1_239' title='bbox 661 4025 684 4076; x_wconf 89' lang='lat' dir='ltr'>d.</span> <span class='ocrx_word' id='word_1_240' title='bbox 705 4031 752 4073; x_wconf 86' lang='lat' dir='ltr'>att.</span> <span class='ocrx_word' id='word_1_241' title='bbox 773 4023 883 4072; x_wconf 89' lang='lat' dir='ltr'>Redner</span> <span class='ocrx_word' id='word_1_242' title='bbox 903 4023 1072 4086; x_wconf 86' lang='lat' dir='ltr'>eingelegten</span> <span class='ocrx_word' id='word_1_243' title='bbox 1092 4023 1338 4084; x_wconf 81' lang='lat' dir='ltr'>Zeugeuaussageu.</span> 
     </span>
     <span class='ocr_line' id='line_1_31' title="bbox 234 4109 840 4176; baseline 0.002 -19"><span class='ocrx_word' id='word_1_244' title='bbox 234 4109 345 4169; x_wconf 76' lang='lat' dir='ltr'>(Abhdl.</span> <span class='ocrx_word' id='word_1_245' title='bbox 367 4110 394 4160; x_wconf 91' lang='lat' dir='ltr'>d.</span> <span class='ocrx_word' id='word_1_246' title='bbox 414 4109 500 4159; x_wconf 68' lang='lat' dir='ltr'>sachs.</span> <span class='ocrx_word' id='word_1_247' title='bbox 522 4110 586 4159; x_wconf 76' lang='lat' dir='ltr'>Ges</span> <span class='ocrx_word' id='word_1_248' title='bbox 606 4109 624 4160; x_wconf 93' lang='lat' dir='ltr'>l.</span> <span class='ocrx_word' id='word_1_249' title='bbox 645 4127 668 4160; x_wconf 89' lang='lat' dir='ltr'>c.</span> <span class='ocrx_word' id='word_1_250' title='bbox 688 4127 714 4176; x_wconf 91' lang='lat' dir='ltr'>p.</span> <span class='ocrx_word' id='word_1_251' title='bbox 736 4112 765 4160; x_wconf 87' lang='lat'>61</span> <span class='ocrx_word' id='word_1_252' title='bbox 788 4109 840 4174; x_wconf 88' lang='lat' dir='ltr'>sq.)</span> 
     </span>
    </p>

    <p class='ocr_par' dir='ltr' id='par_1_9' title="bbox 304 4193 846 4263">
     <span class='ocr_line' id='line_1_32' title="bbox 304 4193 846 4263; baseline 0.002 -18"><span class='ocrx_word' id='word_1_253' title='bbox 304 4193 419 4262; x_wconf 83' lang='lat' dir='ltr'>5Jahns</span> <span class='ocrx_word' id='word_1_254' title='bbox 438 4197 530 4262; x_wconf 88' lang='lat' dir='ltr'>Jahrb.</span> <span class='ocrx_word' id='word_1_255' title='bbox 551 4197 605 4247; x_wconf 90' lang='lat' dir='ltr'>vol.</span> <span class='ocrx_word' id='word_1_256' title='bbox 626 4198 667 4248; x_wconf 88' lang='lat'>81.</span> <span class='ocrx_word' id='word_1_257' title='bbox 688 4214 713 4263; x_wconf 91' lang='lat' dir='ltr'>p.</span> <span class='ocrx_word' id='word_1_258' title='bbox 736 4199 785 4260; x_wconf 84' lang='lat'>238</span> <span class='ocrx_word' id='word_1_259' title='bbox 807 4213 846 4262; x_wconf 90' lang='lat' dir='ltr'>sq.</span> 
     </span>
    </p>

    <p class='ocr_par' dir='ltr' id='par_1_10' title="bbox 303 4279 664 4350">
     <span class='ocr_line' id='line_1_33' title="bbox 303 4279 664 4350; baseline 0.008 -18"><span class='ocrx_word' id='word_1_260' title='bbox 303 4279 316 4318; x_wconf 66' lang='grc'><strong>6</strong></span> <span class='ocrx_word' id='word_1_261' title='bbox 334 4285 447 4334; x_wconf 87' lang='lat' dir='ltr'>Hermes</span> <span class='ocrx_word' id='word_1_262' title='bbox 467 4286 504 4343; x_wconf 86' lang='grc' dir='ltr'>ΙΙ,</span> <span class='ocrx_word' id='word_1_263' title='bbox 526 4301 549 4350; x_wconf 84' lang='grc' dir='ltr'>ρ,</span> <span class='ocrx_word' id='word_1_264' title='bbox 572 4297 605 4349; x_wconf 90' lang='lat'>27</span> <span class='ocrx_word' id='word_1_265' title='bbox 625 4301 664 4350; x_wconf 90' lang='lat' dir='ltr'>sq.</span> 
     </span>
    </p>
   </div>
   <div class='ocr_carea' id='block_1_6' title="bbox 0 0 1660 4894">
    <p class='ocr_par' dir='ltr' id='par_1_11' title="bbox 0 0 1660 4894">
     <span class='ocr_line' id='line_1_34' title="bbox 0 0 1660 4894; baseline 0 0"><span class='ocrx_word' id='word_1_266' title='bbox 0 0 1660 4894; x_wconf 95' lang='lat' dir='ltr'> </span> 
     </span>
    </p>
   </div>
  </div>
 </body>
</html>
