3302 4894
230 636 384 702 Syngrapha
406 636 433 684 in
457 643 523 685 orat.
549 635 672 694 XXXV,
698 632 731 700 §A
754 643 872 692 10-13.

247 738 428 790 ΣΥΓΓΡἈΦΗ.
467 735 613 791 Ἐδάνεισαν
636 737 782 807 Ἀνδροκλῆς
808 730 928 804 Σφηττιος

175 819 216 870 καί
240 814 410 886 Ναυσικράτης
438 811 572 886 Καρύστιος
592 816 720 887 Ἀρτέμωνι
747 813 787 866 καί
807 812 927 864 ’Ἀπολλο-

178 894 250 966 δώρω
239 895 423 968 Φασηλίταις
442 891 555 965 δραγμόις
574 893 736 966 ἀργυρίουρ
708 915 722 946 τ
724 891 856 964 ρισχιλίας
857 888 928 957 Ἀθη-

178 917 255 1042 νηθέν
287 974 319 1036 εἰς
350 973 495 1040 Μένδηνη
527 971 644 1040 Σκιώνην
677 974 718 1025 καί
749 972 864 1024 ε’ντεῦθεν
898 967 929 1028 εἰς

178 1053 313 1122 Βόσπορον,
334 1048 421 1105 ἐὰνδὲ
442 1048 590 1121 βούλωνται,
609 1054 652 1119 της
670 1051 705 1122 έπ
727 1044 839 1120 ἀριστερα
860 1049 929 1118 μέχρι

178 1134 349 1203 Βορυσθένους
366 1131 406 1183 καί
418 1128 491 1183 πάλιν
502 1127 631 1198 Ἀθήναζε,
652 1130 690 1182 έπί
708 1132 841 1188 διακοσίαις
856 1127 930 1179 είκοσι

179 1215 246 1266 πέντε
269 1207 313 1272 τὰς
332 1211 413 1280 χιλίας
432 1205 473 1262 ἕόιν
492 1209 519 1261 δὲ
537 1209 587 1280 μετ’
604 1209 748 1279 Ἀρκτοῦρον
766 1204 931 1260 ἐκπλεύσωσιν

180 1293 206 1344 έκ
225 1293 269 1344 τοῦ
291 1288 383 1343 πόντου
402 1288 435 1358 ἐφ’
457 1284 542 1358 Ἱερόν,
562 1288 600 1340 ἐπὶ
619 1290 765 1357 τριακοσίαις
782 1283 826 1348 τόις
841 1287 931 1356 χιλίας,

181 1372 218 1424 έπί
241 1371 308 1423 οἰνου
333 1370 453 1438 κεραμίοις
476 1369 605 1429 Μενδαίοις
627 1369 780 1437 τρισχιλίοις,
808 1364 834 1427 ός
856 1366 931 1417 πλευ-

180 1456 256 1504 σεῖται
288 1449 314 1501 ἐκ
342 1449 437 1512 Μένδης
470 1445 485 1512 A
510 1443 618 1511 Σκιιὺνης
645 1444 669 1496 έν
697 1447 727 1516 τῇ
757 1441 874 1514 εἰκοσόρῳ
901 1441 932 1536 Av

179 1527 312 1598 ’ἰβλησιος
347 1526 483 1595 ναυκληρει·
524 1524 669 1576 ὑποτιθέασι
701 1525 727 1576 δὲ
758 1525 850 1588 ταῦτα,
888 1521 933 1574 οὑκ

181 1609 318 1678 ὀφείλοντες
341 1605 378 1656 ἐπὶ
401 1600 497 1665 τούτοις
521 1601 593 1674 ἀλλω
617 1603 697 1656 οῦδενί
720 1601 823 1657 οῦδὲν
810 1599 932 1673 αργύριον,

181 1686 233 1740 οῦδ
259 1685 455 1738 ἐπιδανείσονται.
497 1683 537 1734 καί
559 1657 680 1744 ἀπάξουσι
709 1679 740 1735 τόι
763 1680 880 1753 γρηματα
902 1677 933 1734 τά

137 1799 141 1807 ·
181 1766 207 1818 ἐκ
235 1767 279 1818 τοῦ
310 1759 407 1816 Πόντου
435 1759 639 1831 ἀντιφορισθέντα
668 1759 740 1814 πάλιν
764 1760 918 1829 Αθηναζε
909 1781 934 1813 εν

181 1849 217 1916 τῷ
243 1844 312 1898 αὑτοῦ
336 1836 457 1910 πλοίῳ“
442 1857 546 1893 απαντα·
568 1841 704 1892 σωθέντων
722 1841 748 1892 δε
767 1843 817 1893 τῶν
836 1836 933 1910 χρημά-

183 1946 233 1977 των
239 1921 360 2018 Ἀθηναζε
336 1917 591 1984 ζάποδοίσουσιν’
569 1941 591 1972 οι
609 1916 770 1989 δανειζόμενοι
789 1923 839 1981 τοῖς
855 1921 934 1972 δανεί-

184 2025 240 2058 σασι
263 1998 292 2056 τό
318 1997 461 2070 γιγνόμενον
479 1994 603 2093 ἀργύριον
631 1993 694 2050 κατὰ
718 1994 763 2065 τὴν
792 1994 935 2068 συγγραφὴν

183 2084 280 2154 ημερῶν
299 2101 394 2147 εικοσιν,
411 2078 453 2175 ρίφ
475 2068 505 2146 ης
495 2077 553 2140 ςάν
574 2076 684 2130 ἔλθωσιν
693 2074 823 2172 Αθηνριζε,
843 2077 935 2138 έντελες

184 2157 248 2229 πλὴν
269 2157 422 2230 ἐκβολης,“
407 2179 438 2226 ην
462 2157 492 2211 ἀν
515 2157 538 2208 οἱ
563 2153 704 2226 σύμπλοιί
696 2154 848 2228 ηφισάμενοι
867 2159 935 2226 κοινῇ

185 2237 351 2309 ἐκβάλωνται
378 2235 462 2290 καί
446 2257 477 2289 αν
502 2257 524 2289 τι
547 2236 671 2333 πολεμίοις
697 2235 854 2289 ἀποτίσωσιν·
885 2239 936 2288 τῶν

185 2316 330 2371 δάλλων’
317 2314 434 2370 απάντων
453 2315 556 2376 ἐντελές.
581 2316 621 2367 καί
641 2315 768 2412 παρέξουσι
786 2336 836 2377 τοις
857 2317 936 2368 δανεί-

186 2417 242 2488 σρισι
260 2392 305 2462 τὴν
324 2393 478 2462 ὑποθηκην
465 2397 588 2464 ανέπαφον
602 2397 704 2464 κρατεῖν,
723 2394 798 2455 ἕως
783 2415 813 2448 αν
825 2394 937 2449 ἀποδῶσι

185 2473 215 2528 τὸ
237 2471 380 2545 γιγνόμενον
407 2471 521 2544 ἀργύριον
548 2468 612 2525 κατά
640 2467 685 2539 την
708 2472 857 2569 συγγραφήν.
895 2474 937 2529 ε’σίν

186 2555 212 2607 δὲ
231 2549 263 2624 μη
284 2551 453 2606 ἀποδώσινέν
441 2553 512 2620 ντῷ
532 2552 679 2622 συγκειμένῳ
698 2549 794 2622 χρόνῳ,
822 2551 852 2607 τὰ
876 2555 936 2608 ὑπο-

185 2634 281 2703 κείμενα
307 2635 358 2692 τοῖς
385 2606 521 2683 δανείσασιν
549 2629 635 2692 ἐξέστω
660 2630 789 2684 ὑποθεῖναι
812 2634 852 2684 καί
874 2633 936 2688 ἀπο-

186 2709 280 2765 δόσθαι
302 2713 345 2778 τῆς
367 2705 528 2779 ὑπαρχούσης
554 2709 630 2778 τιμῆς,
658 2708 699 2760 καί
722 2706 764 2762 ἐάν
791 2730 813 2762 τι
837 2711 936 2783 ἐλλείπῃ

186 2793 230 2844 τοῦ
258 2789 387 2860 ἀργυρίου,
415 2787 429 2842 ό
454 2792 490 2841 δ;”ι
516 2788 632 2855 γενέσθαι
655 2793 705 2850 τοῖς
729 2791 852 2842 δανείσασι
874 2789 937 2845 κατὰ

186 2865 230 2937 την
253 2863 408 2938 συγγραφην,
433 2861 496 2919 κατά
517 2864 663 2936 Ἀρτέμωνος
687 2867 727 2918 καί
748 2866 937 2940 Ἀπολλοδώρου

187 2948 250 3001 ἔστω
273 2947 288 3014 A
314 2946 397 3016 πρᾶξις
425 2949 476 3006 τοῖς
502 2947 626 2998 δανείσασι
652 2946 692 2998 καί
719 2947 745 2998 ἐκ
766 2949 816 2999 τῶν
842 2946 938 3002 τούτων

186 3024 314 3093 ἁπάντων,
333 3027 373 3078 καί
393 3024 493 3093 ἐγγείων
512 3025 552 3076 καί
570 3027 703 3093 ναυτικῶν,
724 3030 855 3097 πανταχοῦ
875 3025 937 3081 Aaou

186 3105 216 3162 ἀν
235 3126 293 3172 ωσι,
317 3101 433 3172 καθάπερ
457 3105 526 3170 δίκην
549 3102 701 3196 ὠφληκότων
721 3105 794 3158 κάλ’
784 3108 938 3206 ὑπερημέρων

187 3182 278 3248 όντων,
301 3183 341 3234 καί
364 3182 401 3234 έπί
420 3181 524 3277 ἑκμτέρῳ
546 3185 596 3235 τῶν
614 3182 779 3238 δανεισάντων
796 3187 836 3238 καὶ
857 3185 940 3259 ἀμφοε

187 3263 269 3355 τέρρις.
297 3258 339 3314 έάν
368 3262 393 3313 δὲ
423 3257 455 3332 μη
486 3258 632 3331 εἰσβάλωσι,
669 3265 790 3333 μείναντες
822 3264 860 3316 ἐπὶ
886 3269 939 3319 κυνί

135 3385 141 3394 .
186 3341 275 3434 ἡμέρας
298 3342 355 3392 δέκα
384 3339 408 3392 ίν
434 3337 631 3469 Ἑλλησπόντῳ,
657 3339 832 3413 ίξελόμενοι”
819 3365 881 3397 οπου
910 3346 939 3400 ἀν

187 3416 220 3490 μη
244 3412 361 3471 σῦλαι
342 3439 400 3471 ωσιν
417 3418 563 3512 Ἀθηναίοις,
591 3418 631 3470 καί
659 3419 774 3473 εντεῦθεν
800 3423 939 3479 καταπλεύ-

188 3518 272 3558 σαντες
289 3495 408 3565 Ἀθηναζε
433 3494 491 3558 τοὺς
513 3494 600 3559 τόκους
618 3495 763 3551 ἀποδόντων
783 3497 840 3563 τοὺς
857 3505 940 3573 πέρυσι

187 3577 379 3646 γραφένταςς
348 3575 379 3638 εἰς
407 3571 451 3643 τὴν
481 3573 631 3671 συγγραφήν.
661 3575 704 3630 ἐὰν
735 3580 761 3631 δέ
787 3599 809 3632 τι
836 3581 851 3648 A
882 3586 940 3645 ναῦς

188 3651 290 3723 πάθη
276 3652 418 3722 ανηκεστον,
439 3654 463 3707 έν
481 3677 495 3726 ῃ
517 3655 546 3707 ἀν
565 3652 667 3724 πλέη
642 3676 673 3709 τα
686 3654 810 3728 χρηματα,
831 3664 939 3731 σωτηρία

188 3731 280 3784 δέσται
311 3735 361 3784 τῶν
393 3732 568 3803 ὑποκειμένων,
605 3730 636 3786 τὰ
669 3733 839 3807 περιγενόμενα
871 3735 940 3794 κοινὰ

188 3809 252 3863 ἔστω
278 3816 329 3872 τοῖς
356 3813 500 3867 δανείσασιν.
542 3811 687 3884 κυριώτερον
714 3815 740 3866 δέ
768 3817 820 3885 περὶ
844 3815 941 3871 τούτων

188 3887 253 3942 ἀλλο
272 3889 347 3960 μηδεν
366 3885 425 3942 εἶναι
442 3910 486 3958 της
504 3895 653 3962 συγγραφῆς·

259 3965 385 4038 Μάρτυρες
404 3971 485 4039 Φορ
446 3990 521 4039 ρμιων
540 3968 698 4040 Πειραιεύς,Ι
698 3970 864 4044 ἰηφισόδωρος
883 3977 939 4029 Βοι-

189 4043 267 4113 ιότιος,
284 4045 437 4118 Πλιόδωρος
457 4047 571 4111 Πιτθεύς.

1014 625 1088 689 Quae
1110 625 1143 674 ad
1163 640 1249 690 syngr.
1269 625 1404 690 pertinent
1423 641 1455 674 ex
1474 625 1593 674 oratione
1630 687 1631 692 ,

1196 713 1254 778 ipsa
1273 714 1413 778 exscripta.
1464 749 1467 753 -

979 889 994 956 ξ
1017 890 1057 938 18.
1076 882 1120 947 τὰς
1138 881 1267 956 τριάκοντα
1288 887 1354 955 μνᾶς.

981 1122 997 1188 ξ
1019 1133 1059 1183 50.
1079 1117 1111 1180 εἰς
1129 1115 1172 1170 τόν
1191 1115 1287 1170 Πόντον
1306 1116 1386 1169 ἔδωκα
1409 1112 1440 1170 τὰ
1458 1114 1575 1187 χρηματα
1592 1103 1631 1178 καὶί

1016 1195 1089 1252 πάλιν
1108 1195 1235 1264 Ἀθήναζε.

982 1359 998 1425 ξ
1020 1360 1059 1408 18.
1081 1355 1116 1407 ἐπ’
1140 1355 1206 1408 οίνου
1225 1356 1345 1424 κεραμίοις
1363 1355 1506 1424 τρισχιλίοις
1526 1395 1531 1406 .
1552 1395 1557 1406 .
1576 1396 1582 1407 .
1600 1394 1623 1406 ..

1019 1476 1127 1490 .....
1146 1434 1177 1495 εἰς
1196 1431 1239 1487 τόν
1254 1432 1349 1488 Πόντον
1368 1434 1392 1486 ἐν
1412 1454 1440 1506 ιη
1461 1431 1587 1504 εἰκοσόρῳ,
1601 1431 1631 1496 ην

1016 1510 1148 1583 ’Υβλησιος
1166 1509 1314 1582 έναυκληρει.
1354 1516 1422 1582 ξκῐ.
1441 1514 1585 1567 ὑποτιθέασι
1605 1513 1625 1562 δὲ

1019 1590 1086 1644 ταῦτ’
1108 1589 1228 1660 ἐλεύθερα
1246 1591 1287 1642 καί
1305 1591 1386 1644 οὐδενί
1407 1591 1478 1646 οῦδὲν
1500 1591 1631 1662 ὀφείλοντες

1020 1669 1154 1723 ...οὑδὲ
1178 1668 1369 1723 ἐπιδανείσονται
1395 1671 1432 1722 ἐπί
1455 1668 1554 1732 τούτοις
1580 1667 1631 1736 παρ’,

1020 1746 1126 1809 οὐδενός,
1162 1753 1176 1813 ξ
1196 1763 1238 1812 24.
1264 1747 1360 1801 ἐπειδὰν
1384 1747 1529 1801 ἀποδῶνται
1554 1747 1577 1799 έν
1598 1747 1631 1816 τῷρ

1021 1825 1109 1898 Πόντῳ
1127 1824 1244 1897 χρηματα
1263 1866 1270 1879 .
1291 1867 1297 1879 .
1318 1823 1422 1894 ἀπάγειν
1437 1824 1559 1893 Ἀθηναζε
1572 1819 1631 1890 ἀντι-ᾗ

983 1912 986 1917 ’
1014 1903 1176 1977 1φορισθένταΙ
1630 1963 1631 2032 ,

984 2059 1001 2133 ’ξ
1022 2080 1063 2128 24.
1089 2058 1185 2116 ἐπειδὰν
1208 2062 1342 2132 ἀφίκωνται
1358 2058 1480 2129 Ἀθηναζε
1505 2061 1631 2114 ἀποδοῦναι

1022 2144 1109 2196 εἴκοσιν
1127 2139 1224 2214 ἡμερῶν
1241 2139 1271 2195 τό
1289 2139 1405 2213 ἀργύριον
1422 2141 1480 2210 ημῖν
1501 2137 1603 2210 δόκιμον,
1630 2139 1631 2196 f

988 2387 1003 2454 ξ
1023 2401 1064 2449 24.
1090 2385 1135 2445 ἕως
1153 2382 1210 2436 δ’ἀν
1228 2381 1340 2436 ἀποδωσι
1360 2384 1455 2450 κρατεῖν
1473 2383 1525 2432 τῶν
1544 2373 1631 2470 χρημί

1023 2486 1073 2518 των
1102 2465 1169 2535 ημᾶς
1200 2464 1240 2516 καί
1272 2461 1383 2530 ἀνέπαφα
1417 2460 1498 2511 ταῦτα
1530 2460 1631 2530 παρέγε,
1605 2461 1631 2508 A

1023 2542 1132 2606 τούτους
1630 2565 1631 2624 γ

991 3895 1007 3961 A
1028 3907 1069 3957 39·
1094 3891 1109 3959 ἡ
1132 3934 1137 3946 ·
1158 3931 1164 3944 ·
1190 3886 1317 3961 σνγγραφη
1346 3887 1417 3943 οῦδὲν
1446 3886 1589 3959 κυριώτερον
1612 3879 1631 3950 &A

1027 3971 1086 4024 εἶναι
1104 3973 1155 4023 τῶν
1174 3971 1365 4040 ἐγγεγραμένων,
