3302 4894
552 517 575 553 8.

244 637 397 704 Syngrapha
419 639 446 687 in
470 647 536 690 orat.
562 642 686 699 XXXV,
711 639 745 706 ἐξ
769 652 886 702 10—13.

260 741 441 793 ΣΥΓΓΡΜΙΜ.
480 739 626 796 Ἐδάνεισαν
649 743 795 812 Ἀνδροκλῆς
821 738 941 812 Σφήττιος

188 818 229 870 καί
253 816 423 888 Ναυσικράτης
452 817 585 891 Καρύστιος
605 821 732 893 Ἀρτέμωνι
760 821 800 874 καί
820 821 940 873 Ἀπολλο-

190 894 263 968 δώρῳ
282 898 436 964 Φασηλίταις
455 896 568 970 δραχμάς
586 899 702 972 ἀργυρίου
721 898 941 971 τρισχιλίαςίλθή-

190 978 268 1043 νηθεν
299 975 331 1038 είς
363 978 459 1043 Μένδην
491 977 507 1044 3
539 977 657 1046 Σκιώνην,
690 981 730 1032 καλ
761 979 877 1032 ἐντεῦθεν
911 977 942 1038 εἷς

190 1053 325 1124 Βόσπορον,
347 1049 433 1107 ἐὰνδὲ
455 1052 602 1124 βούλωνται,
621 1060 664 1125 τῆς
682 1057 717 1111 ἐπ’
739 1052 851 1127 ἀριστερά
872 1058 942 1126 μέχρι

191 1135 361 1204 Βορυσθένους
379 1134 418 1186 καί
430 1131 503 1186 πάλιν
514 1132 643 1203 Ἀθήναζε,
664 1136 702 1188 ἐπί
720 1140 853 1197 διακοσίαις
868 1135 942 1188 εἴκοσι

190 1215 258 1266 πέντε
281 1208 325 1274 τάς
343 1213 425 1283 χιλίας
443 1207 485 1266 ἐάν
504 1213 530 1265 δὲ
548 1213 599 1285 μετ’
616 1214 759 1286 Ἀρκτοῦρον
778 1213 943 1268 ἐκπλεύσωσιν

191 1293 217 1344 ἐκ
236 1294 280 1345 τοῦ
302 1290 394 1345 πόντου
413 1290 447 1361 ἐφ’
468 1288 553 1362 Ἱερόν,
574 1292 611 1345 ἐπὶ
630 1297 776 1364 τριακοσίαις
793 1291 837 1356 τὰς
852 1296 942 1366 χιλίας,

191 1373 229 1425 ἐπὶ
252 1372 319 1424 οἴνου
344 1373 464 1441 κεραμίοις
487 1373 616 1434 Μενδαίοις
638 1375 792 1443 τρισχιλίοις,
819 1373 845 1436 ὃς
867 1375 942 1427 πλευ-

191 1456 267 1505 σεῖται
299 1451 325 1503 ἐκ
353 1452 448 1516 Μένδης
480 1450 496 1517 3
520 1448 629 1517 Σκιώνης
656 1450 680 1503 ἐν
708 1455 738 1523 τῇ
767 1450 885 1523 εἰκοσόρῳ
912 1451 943 1518 ήν

189 1528 323 1600 Ὑβλήσιος
358 1529 494 1621 ναυκληρεῖ·
534 1529 680 1582 ὑποτιθέασι
711 1532 737 1583 δὲ
769 1533 861 1597 ταῦτα,
899 1530 943 1585 οὑκ

191 1609 328 1678 ὑφειλοντες
351 1607 389 1659 ἐπὶ
411 1605 507 1670 τούτοις
531 1606 603 1662 άλλοι
627 1608 707 1664 οὑδενί
730 1610 834 1664 οὑδέν
820 1609 943 1683 αργὺριον,

191 1686 243 1741 οὐδ’
269 1687 465 1741 ἐπιδανείσονται.
507 1689 548 1739 καί
570 1663 689 1751 ἀπάξουσι
719 1686 750 1743 τά
773 1688 890 1762 χρήματα
912 1688 943 1744 τὰ

146 1799 151 1806 ·
191 1767 217 1819 ἐκ
244 1769 289 1818 τοῦ
320 1761 417 1818 Πόντου
445 1763 648 1836 ἀντιφορισθέντα
677 1766 750 1822 πάλιν
774 1769 929 1838 Ἀθήναζε
918 1791 944 1823 εν

191 1850 227 1916 τῷ
253 1845 321 1899 αὑτῶ
345 1840 466 1915 πλοίῳ”
451 1861 556 1897 απαντα·
578 1847 713 1899 σωθέντων
731 1849 758 1901 δέ
777 1851 826 1901 τῶν
845 1846 943 1919 χρημά-

191 1946 242 1977 των
249 1901 369 1992 Ἀθήναζε
345 1921 560 2018 ζάποδώσουσιγ
578 1926 601 1977 οί
618 1924 780 1996 δανειζόμενοι
798 1949 849 1990 τοις
864 1930 943 1980 δανεί-

193 2026 249 2059 σασι
271 2001 301 2058 τό
327 2001 470 2074 γιγνόμενον
488 1999 612 2097 ἀργύριον
640 2000 703 2056 κατὰ
727 2001 772 2073 τήν
801 2004 945 2077 συγγραφήν

192 2083 289 2154 ἡμερῶν
307 2083 403 2150 εἴκοσιν,
420 2081 462 2178 ρἰφ’
485 2073 514 2151 ής
532 2081 562 2134 ἂν
582 2080 693 2135 ἔλθωσιν
702 2082 832 2152 Ἀθήναζε,
852 2086 945 2148 ἐντελὲς

192 2158 257 2229 πλήν
277 2161 431 2232 ἐκβολής,“
416 2182 447 2229 ην
470 2182 500 2214 αν
524 2163 546 2212 οί
571 2159 678 2232 σύμπλοι
697 2161 857 2235 ὑηφισάμενοι
876 2169 944 2236 κοινῇ

193 2239 359 2310 ἐκβάλωνται,
386 2242 427 2294 καί
455 2239 485 2293 άν
510 2261 532 2292 τι
555 2241 679 2310 πολεμίοις
706 2241 863 2297 άποτίσωσιν·
894 2248 945 2297 τῶν

193 2317 305 2372 δ’άλλων
325 2316 442 2372 ἁπάντων
461 2318 564 2381 ἐντελές.
589 2321 629 2372 καί
649 2321 776 2418 παρέξουσι
795 2328 845 2386 τοῖς
865 2327 944 2378 δανεί-

194 2418 250 2489 σμσι
268 2394 312 2464 τήν
332 2395 596 2494 ὑποθήκηνρίνέπαφον
609 2403 712 2470 κρατεῖν,
731 2401 807 2464 ἐως
791 2423 821 2455 αν
833 2402 944 2458 ἀποδῶσι

192 2473 222 2528 τό
245 2473 388 2546 γιγνόμενον
414 2475 529 2547 ἀργύριον
555 2473 619 2531 κατά
648 2473 693 2545 τήν
715 2480 864 2552 συγγραφήν.
903 2483 945 2539 ἐάν

193 2556 220 2607 δέ
238 2550 271 2624 μή
291 2553 417 2608 ἀποδῶσιν
436 2554 461 2607 ἐν
482 2557 520 2625 τῷ
539 2558 686 2629 συγκειμένῳ
705 2556 802 2629 χρόνῳ
829 2559 859 2616 τὰ
883 2565 943 2618 ὑπο-

192 2635 288 2704 κείμενα
315 2637 364 2695 τοῖς
392 2610 528 2687 δανείσασίν
556 2633 643 2697 ἐξέστω
667 2636 797 2692 ὑποθειναι
819 2642 894 2693 καί
881 2665 944 2698 απο-

192 2709 286 2764 δόσθαι
308 2715 352 2779 τῆς
374 2709 535 2808 ὑπαρχούσης
561 2715 636 2783 τιμῆς.
665 2715 739 2766 καί
729 2713 771 2770 εάν
797 2738 820 2770 τι
844 2719 942 2793 ἐλλείπῃ

192 2793 236 2884 τρῦ
265 2790 394 2861 ἀργυρίου,
422 2791 435 2845 ό
460 2795 496 2845 δ.”ι
522 2793 639 2859 γενέσθαι
661 2814 712 2858 τοις
734 2799 858 2851 δανείσασι
880 2799 943 2855 κατὰ

192 2866 237 2938 τήν
259 2865 414 2940 συγγραφήν,
440 2865 502 2923 κατὰ
523 2868 670 2941 ’έλρτμωνος
693 2874 733 2925 καλ
754 2874 944 2948 Ἀπολλοδώρου

193 2948 256 3001 έστω
279 2948 294 3016 3
320 2949 403 3017 πρᾶξις
432 2969 481 3010 τοις
508 2951 631 3004 δανείσασι
658 2953 697 3004 καί
725 2953 751 3006 ἐκ
737 2958 822 3007 κτῶν
847 2956 944 3012 τούτων

191 3025 319 3094 ἁπάντων,
339 3048 379 3080 και
398 3027 499 3096 ἐγγείων
517 3031 558 3081 καί
576 3034 708 3099 ναυτικῶν
729 3039 860 3128 πανταχοῦ
881 3035 943 3092 όπου

192 3105 222 3162 ἂν
241 3127 299 3172 ωσι,
322 3103 476 3204 καθάπερ
462 3109 531 3175 οίκην
554 3109 707 3202 ὠφληκότων
726 3113 800 3166 κάλ’
789 3119 944 3214 υπερημέρων

192 3182 283 3250 όντων,
306 3205 346 3236 και
369 3184 406 3236 έπλ
425 3185 529 3278 ἓκριτέρῳ
551 3191 601 3241 τῶν
619 3190 783 3246 δανεισάντων
801 3215 841 3246 και
862 3195 945 3269 άμφοε

191 3265 273 3354 τέρρις.
302 3259 344 3316 ἐάν
372 3264 398 3316 δέ
428 3261 460 3336 μή
491 3263 637 3337 εἰσβάλωσι,
673 3273 796 3340 μείναντες
827 3273 865 3326 ἐπί
891 3279 944 3330 κυνί

141 3384 145 3394 .
190 3341 280 3434 ἡμέρας
303 3343 359 3395 δέκα
388 3342 413 3394 ἐν
439 3343 636 3475 Ἑλλησπόντῳ,
661 3347 837 3419 ἐξελόμενοι“
823 3373 886 3406 οπου
914 3356 944 3408 ἂν

192 3416 224 3490 μή
249 3414 366 3473 σῦλαι
346 3442 405 3474 ωσιν
421 3421 568 3490 Ἀθηναίοις,
596 3425 636 3477 καί
663 3427 778 3481 ἐντεῦθεν
804 3433 943 3523 κριταπλεύ-

192 3519 276 3560 σαντες
293 3497 412 3567 ’λθήναζε
437 3497 495 3563 τοὺς
517 3498 604 3564 τόκους
622 3501 767 3559 ἀποδόντων
787 3505 844 3571 τοὺς
861 3513 943 3582 πέρυσι

191 3579 325 3670 γρριφέντας
351 3577 383 3640 εἰς
410 3575 456 3646 τήν
485 3579 635 3675 συγγραφήν.
665 3581 708 3636 ἐάν
738 3588 765 3638 δέ
790 3607 812 3640 τι
840 3589 855 3656 3
886 3596 944 3654 ναῦς

191 3652 293 3725 πάθη
280 3654 422 3748 ανήκεστογ,
442 3658 466 3710 έν
485 3651 499 3730 3
520 3659 550 3712 ἂν
568 3657 670 3729 πλέη’
646 3681 676 3715 τα
690 3661 814 3735 χρήματα,
835 3674 943 3740 σωτηρια

191 3733 283 3786 δ’ἔσται
314 3737 364 3787 τῶν
397 3735 571 3808 ὑποκειμένων,
608 3735 639 3792 τά
672 3741 842 3814 περιγενόμενα
874 3744 943 3803 κοινόι

191 3810 254 3863 έστω
281 3817 332 3875 τοῖς
358 3815 503 3871 δανείσασιν.
545 3815 690 3889 κυριώτερον
717 3821 743 3873 δὲ
771 3824 823 3892 περί
846 3824 943 3880 τούτων

190 3888 255 3943 ἄλλο
275 3891 351 3961 μηδὲν
369 3888 427 3946 εἶναι
445 3913 489 3962 της
507 3900 656 3968 συγγραφῆς

262 3966 388 4040 Μάρτυρες
406 3974 524 4043 Φορμίων
543 3974 672 4045 Πειραιεύς,
694 3978 867 4053 Κηφισόδωρος
887 3987 942 4038 Βοι-

191 4043 270 4114 ώτιος,
287 4047 439 4121 ῚΙλιόδωρος
459 4051 573 4116 Πιτθεύς.

1028 637 1101 700 Quae
1124 638 1157 686 ad
1176 653 1262 704 syngr.
1282 640 1417 704 pertinent
1437 658 1468 691 ex
1488 643 1604 692 oratione

1210 727 1268 792 ipsa
1286 729 1426 794 exscripta.
1478 766 1481 770 -

992 899 1007 966 ξ
1029 902 1069 950 18.
1089 894 1133 959 τὰς
1151 895 1280 968 τριάκοντα
1300 903 1367 970 μνᾶς.

993 1133 1009 1198 ξ
1030 1144 1071 1195 50.
1091 1129 1123 1191 είς
1141 1127 1184 1184 τόν
1203 1128 1299 1184 Πόντον
1318 1131 1398 1185 ἔδωκα
1421 1129 1452 1186 τά
1470 1132 1586 1205 χρήματα
1602 1136 1633 1186 καί

1027 1207 1101 1263 πάλιν
1120 1208 1247 1278 Ἀθήναζε.

993 1371 1009 1436 3
1032 1371 1070 1420 18.
1093 1367 1128 1420 ἐπ’
1151 1368 1217 1422 οίνου
1236 1371 1357 1439 κεραμίοις
1374 1373 1519 1440 τρισχιλίοις
1537 1413 1543 1423 .
1563 1413 1568 1423 .
1586 1414 1591 1425 .
1608 1413 1630 1426 .,

1029 1488 1138 1502 .....
1157 1446 1189 1508 εἷς
1206 1443 1250 1501 τὀν
1266 1446 1361 1502 Πόντον
1379 1450 1404 1502 ἐν
1422 1454 1452 1522 τῇ
1473 1449 1596 1522 εἰκοσόρῳ,
1610 1449 1631 1515 ήν

1027 1523 1159 1595 Ὑβλήσιος
1177 1524 1324 1596 ἐναυκλήρει.
1365 1532 1433 1598 321.
1451 1531 1595 1584 ὑποτιθέασι
1613 1531 1631 1582 δὲ

1029 1602 1096 1656 ταῦτ’
1118 1603 1239 1673 ἐλεύθερα
1256 1606 1297 1657 καί
1316 1607 1396 1660 οὑδενλ
1417 1607 1491 1662 οὑδέν
1512 1608 1632 1679 όφειλοντες

1031 1722 1061 1735 ..
1081 1723 1086 1735 .
1106 1682 1164 1735 οῦδὲ
1188 1681 1379 1738 ἐπιδανείσονται
1405 1686 1443 1739 ἐπί
1466 1685 1565 1750 τούτοις
1590 1685 1631 1756 παρ’

1030 1758 1136 1822 οὑδενός.
1172 1766 1186 1827 ξ
1207 1777 1248 1825 24.
1274 1761 1370 1816 ἐπειδὰν
1394 1762 1540 1818 ἀποδῶνται
1565 1765 1586 1817 έν
1607 1765 1632 1832 τῷ

1030 1837 1119 1910 Πόντῳ
1137 1837 1254 1910 χρήματα
1273 1880 1280 1894 .
1301 1881 1307 1894 .
1328 1839 1432 1910 ἀπάγειν
1447 1842 1569 1911 Ἀθήναζε
1581 1842 1632 1897 ἀντι-

993 1923 996 1928 “
1030 1921 1186 1988 φορισθέντα.

993 2069 1010 2144 ξ
1030 2091 1072 2140 24.
1098 2071 1230 2129 έπειδὰν’
1205 2079 1360 2172 ὁαφίκωνται
1367 2074 1529 2145 Αθήναζε’
1516 2080 1633 2131 αποδοὺναι

1030 2155 1118 2208 εἴκοσιν
1136 2156 1233 2227 ἡμερῶν
1250 2154 1280 2210 τό
1298 2155 1413 2227 ἀργύριον
1431 2157 1491 2228 ήμῖν
1511 2156 1610 2228 δόκιμον.

996 2398 1011 2464 ξ
1031 2411 1072 2460 24.
1097 2397 1143 2458 ἐως
1160 2395 1218 2448 δ’ἂν
1236 2395 1348 2450 ἀποδῶσι
1367 2400 1464 2465 κρατεῖν
1483 2401 1535 2450 τῶν
1554 2392 1633 2467 χρημάὲ

1031 2497 1080 2529 των
1111 2476 1177 2548 ήμᾶς
1208 2478 1248 2530 καλ
1280 2475 1391 2546 ἀνέπαφα
1425 2477 1509 2529 ταῦτα
1540 2479 1632 2547 παρέχειν

1030 2554 1140 2618 τούτους

994 3905 1010 3972 β
1031 3918 1072 3970 39.
1097 3903 1112 3971 3
1134 3947 1140 3959 .
1161 3944 1168 3958 .
1193 3902 1320 3976 συγγραφή
1349 3903 1421 3959 οὑδέν
1450 3906 1595 3978 κυριώτερον
1616 3901 1630 3970 ἒί

1029 3983 1157 4036 εἶναιτῶν
1177 3984 1368 4055 ἐγγεγραμένων,
