3302 4894
833 327 870 384 28

312 507 533 564 deverticulum
553 507 679 576 tollitur,
706 506 731 563 si
757 508 848 562 etiam
870 525 985 563 nomen
1006 508 1112 580 patriS,
1140 509 1226 582 quod
1253 516 1415 584 tantopere

313 629 331 665 a
352 609 584 666 Westermanno
609 607 814 677 desideratur,
839 609 930 666 nobis
951 610 1147 682 inscriptione
1169 611 1314 670 traditur?
1356 612 1414 668 Le·

311 712 411 785 gimus
433 712 543 785 apertis
565 711 661 767 verbis
684 712 714 766 in
735 709 853 780 titu10,1
877 728 960 767 anno
982 711 1071 768 huius
1089 713 1203 769 saeculi
1221 716 1413 788 sexagesimo

301 812 375 869 'iere
396 821 531 887 reperto:
553 810 601 870 ἐπὶ
620 804 656 870 τὸ
677 804 816 890 θεωρικόν

392 910 568 998 Κηφισοφῶν
595 909 785 994 Κεφαλίωνος
811 901 981 995 Ἀφιδναῖος.
1035 917 1096 988 Qui
1131 918 1234 975 titulus
1268 937 1337 975 cum
1372 921 1413 975 ad

313 1037 428 1075 armum
449 1019 488 1075 ol.
516 1035 569 1094 109
583 1017 667 1093 2i343
692 1018 873 1076 referendus
897 1021 942 1088 sit,
966 1027 1086 1093 tempus
1107 1027 1149 1076 et·
1161 1019 1251 1076 huius
1268 1021 1414 1078 orationis

313 1129 343 1176 et
378 1122 426 1176 cui
462 1122 676 1194 inscriptiones
711 1138 802 1194 supra
836 1131 1093 1178 commemoratae
1129 1122 1311 1179 tribuendae
1344 1131 1415 1181 sunt

313 1223 524 1296 respicientes,
553 1224 612 1278 iarn
637 1223 849 1280 confitebimur
876 1223 1069 1282 manifestum
1099 1243 1167 1281 esse
1195 1225 1330 1280 eundem
1357 1224 1413 1282 ho·

312 1324 428 1380 minem
455 1325 597 1382 omuibus
625 1326 701 1382 locis
733 1325 895 1398 significari
924 1343 1025 1400 neque
1052 1327 1220 1400 quidquam
1248 1327 1308 1382 iam
1335 1345 1412 1396 esse,

312 1427 398 1499 quod
421 1435 527 1482 contra
548 1426 638 1484 huius
658 1427 849 1484 instrumenti
870 1427 963 1484 fidem
986 1427 1112 1500 proferri
1134 1429 1238 1501 possit.

393 1529 518 1585 Addere
530 1528 603 1584 mihi
616 1537 774 1603 praeterea
787 1529 876 1585 liceat
889 1529 979 1585 etiam
1000 1529 1032 1586 in
1044 1530 1183 1586 oratione
1195 1528 1413 1586 Demosthenis

312 1631 343 1686 in
365 1630 518 1687 Neaeram
540 1629 798 1704 Cephisophontis
823 1630 994 1704 Aphidnaei
1016 1631 1205 1687 mentionem
1227 1632 1299 1700 fieri,
1322 1649 1413 1706 quem

312 1732 398 1807 quod
425 1733 614 1790 coniciamus
643 1733 778 1788 eundem
797 1736 874 1788 ‘esse
903 1741 994 1807 atque
1019 1733 1105 1789 huuc
1132 1734 1164 1788 in
1192 1735 1331 1790 oratione
1359 1733 1414 1788 ad·

289 1809 293 1820 ⁵
312 1852 416 1891 versus
429 1833 617 1908 Stephanum
639 1843 840 1891 memoratum
862 1834 1011 1890 nonnihil
1029 1854 1097 1892 esse
1113 1833 1278 1892 existim0.2
1319 1833 1414 1891 Cuius

312 1937 344 1991 in
380 1937 526 1993 orationis
556 1943 610 2012 ξι)
637 1955 679 2011 sq.
718 1939 864 2012 quoniam
897 1945 1035 1992 narratur
1072 1938 1310 2011 Apollodorum,
1345 1955 1414 1993 cum

312 2038 480 2112 aliquando
502 2040 533 2094 in
556 2057 668 2113 pagum
680 2039 896 2113 Aphidnaeum
907 2040 1040 2096 venisset
1061 2040 1101 2095 ad
1116 2057 1235 2096 servum
1257 2037 1414 2112 fugitivum

312 2141 569 2214 investigandum,
592 2141 736 2198 feminam
754 2143 911 2215 quandam
933 2143 975 2198 ita
986 2142 1170 2210 verberasse,
1194 2149 1226 2197 ut
1237 2150 1414 2210 moreretur,

313 2242 353 2297 ob
381 2261 511 2317 eamque
545 2229 670 2300 eausam
700 2263 718 2300 a
746 2225 997 2317 Cephisophonte
1033 2243 1158 2318 aliisque
1191 2245 1223 2298 in
1264 2243 1414 2299 iudicium

312 2353 454 2400 vocatum
467 2364 545 2414 esse,
568 2379 602 2387 —
623 2355 653 2402 et
667 2364 764 2420 pagus
775 2345 985 2420 AphidnaeuS,
1008 2363 1045 2402 ex
1057 2363 1118 2421 quo
1133 2343 1414 2420 Cephisophontem

312 2447 394 2502 illum
409 2446 502 2503 fuisse
515 2465 550 2502 ex
571 2453 614 2522 §o
637 2448 716 2504 etfici
738 2448 859 2504 videtur
878 2455 907 2504 et
929 2455 1048 2521 tempus
1061 2449 1208 2504 orationis
1219 2449 1249 2503 in
1261 2446 1414 2503 Neaeram

313 2566 353 2605 sc.
368 2567 468 2605 annus
491 2550 571 2605 circa
585 2550 623 2606 ol.
642 2547 795 2626 114j340,3
816 2568 882 2606 non
893 2550 988 2606 multo
1002 2558 1176 2625 antequem
1189 2556 1339 2606 narratam
1350 2565 1414 2603 rem

312 2651 515 2708 iudicandum
534 2659 581 2708 est
603 2651 713 2708 factam
735 2669 812 2720 esse,
832 2651 903 2710 huic
924 2653 1094 2708 sententiae
1108 2660 1318 2709 consentanea
1336 2657 1415 2706 suut.

392 2751 529 2808 Paucula
559 2754 694 2828 denique
723 2753 795 2810 mihi
823 2755 863 2810 de
889 2755 1014 2810 nomine
1043 2752 1239 2828 Cephalionis
1267 2751 1415 2808 addenda

303 2863 392 2912 suut.
436 2853 531 2925 Quod
559 2856 641 2910 enim
669 2863 697 2911 et
722 2857 754 2911 in
774 2856 862 2913 titulo
886 2857 1052 2912 novissimo
1082 2864 1112 2912 et
1140 2857 1172 2912 iu
1199 2854 1337 2929 reliquis,
1365 2853 1415 2909 ubi

312 2975 427 3013 nomen
452 2951 611 3036 Κεφαλίων
636 2966 746 3026 exstat,
779 2957 859 3014 hanc
886 2958 1041 3015 scribendi
1070 2959 1219 3014 rationem
1247 2955 1415 3043 adhibitam

313 3077 381 3116 esse
408 3060 592 3128 invenimus,
621 3078 690 3116 cum
719 3061 803 3134 apud
829 3059 1071 3118 Demosthenem
1099 3048 1279 3139 Κεφάλωνος
1311 3065 1415 3126 exstet,

313 3180 378 3217 non
405 3163 481 3218 tanti
511 3161 688 3219 faciendum
718 3181 786 3219 esse
814 3171 904 3236 puto,
938 3181 1007 3219 cum
1034 3160 1144 3220 West.4
1171 3161 1337 3220 rectissime
1366 3177 1416 3214 ex-

313 3263 442 3336 planarit
468 3265 594 3320 nomina
621 3265 817 3322 terminantia
845 3267 877 3321 in
900 3284 943 3320 ων
970 3273 1000 3322 et
1022 3283 1081 3321 ιων
1108 3273 1171 3320 tum
1197 3263 1257 3319 hoc
1278 3270 1341 3318 tum
1364 3260 1415 3317 ilio

313 3365 408 3421 modo
431 3366 542 3440 scripta
563 3384 640 3426 esse.
683 3366 754 3423 Hoc
775 3367 845 3424 loco
869 3386 943 3424 saue
964 3386 1001 3424 ex
1022 3367 1108 3422 titulo
1136 3365 1188 3422 illo
1211 3363 1417 3440 comperimus

312 3467 424 3525 rectius
447 3484 562 3524 nomen
583 3469 667 3524 testis
688 3467 920 3526 Demosthenici
943 3487 997 3542 per
1018 3490 1027 3526 ι
1048 3468 1246 3526 scribendum
1269 3483 1346 3522 esse.

463 3645 490 3702 3.
512 3626 560 3684 De
582 3629 758 3685 testimonio
779 3629 876 3703 primo
899 3634 914 3703 ξ
936 3643 974 3702 24
995 3629 1101 3685 denuo
1123 3627 1259 3684 recitato,

303 3760 305 3764 '
393 3750 441 3807 De
462 3752 654 3826 partiuncula
680 3753 847 3810 testimonii
873 3753 960 3827 primi
988 3757 1062 3826 §24
1090 3767 1132 3825 sq.
1159 3767 1261 3808 rursus
1291 3751 1416 3824 prolata,

312 3862 432 3927 praeter
460 3873 510 3923 ea,
539 3872 617 3929 quae
644 3873 672 3928 p.
696 3871 734 3927 24
755 3853 845 3911 huius
867 3855 944 3928 disp.
969 3854 1162 3925 monuimus,
1191 3852 1251 3910 hoc
1277 3851 1416 3909 animad-

385 4025 395 4063 1
415 4029 446 4078 C.
464 4031 486 4080 Ι.
506 4030 541 4079 Α.
564 4032 689 4093 II,1‚114.
710 4048 732 4081 e.
753 4034 776 4081 6.

383 4113 538 4167 2West.1.
560 4135 582 4168 c.
602 4136 628 4184 p.
651 4132 707 4180 109.

382 4201 489 4254 ³Blass
509 4206 526 4254 l.
548 4223 570 4255 c.
591 4223 615 4271 p.
635 4219 695 4271 477.

382 4289 395 4327 4
413 4309 439 4358 p.
462 4294 519 4343 108.
