3302 4894
863 303 962 408 λό’

331 507 446 591 (Dem.:
470 496 731 593 ψευδομαρτυριῶν.
763 513 865 574 Din:
894 505 1034 594 βλάβης),
1065 516 1098 574 id
1130 517 1291 592 quomodo
1324 514 1436 588 factum

331 617 368 672 sit
397 616 480 689 apud
515 623 676 690 utrumque
704 634 827 690 prorsus
860 618 974 673 eodem
1006 620 1102 676 modo
1135 637 1176 680 sc.
1208 638 1262 695 per
1288 622 1436 678 aoristum

331 717 413 773 verbi
429 717 562 790 primarii
580 718 689 775 addito
706 720 865 800 participio
878 721 981 776 aoristi
999 719 1115 796 (Dem.:
1136 712 1436 803 κατεμαρτύρησε...

331 808 525 898 μαρτυρήσας.
545 855 584 862 -
605 813 732 885 τάληθῆ
758 809 946 900 ἐμαρτύρησα
974 811 1169 902 μαρτυρήσας.
1212 823 1304 884 Din:
1325 819 1437 904 ἔβλαψε

334 967 339 980 .
362 964 369 976 .
392 964 398 976 .
422 964 428 976 .
450 908 676 1000 ὑποδεξάμενος)
700 924 823 996 exprimi
845 924 992 980 videmus,

411 1021 534 1094 Quodsi
566 1024 611 1080 vel
644 1023 702 1080 hac
738 1024 868 1081 efficitur
904 1028 1134 1100 comparatione
1167 1027 1246 1084 hanc
1277 1027 1371 1086 fuisse
1404 1030 1435 1085 in

329 1125 440 1182 talibus
481 1125 616 1182 formulis
654 1134 825 1199 temporum
864 1129 1131 1200 grammaticorum
1171 1131 1336 1198 rationem,
1371 1132 1431 1186 iam

330 1225 509 1300 antigrapha
519 1225 759 1284 Demosthenica
770 1245 840 1284 cum
851 1219 950 1285 verbis
968 1229 1041 1302 ipsis
1053 1231 1181 1287 oratoris
1203 1228 1229 1308 (ξ
1241 1229 1291 1308 45)
1313 1231 1432 1302 collata,

329 1329 404 1385 illud
416 1329 514 1402 ipsum
527 1338 771 1384 consentaneum
783 1348 851 1386 esse
864 1331 1040 1387 edocemur.
1084 1331 1205 1390 Etenim
1217 1335 1249 1390 in
1260 1335 1355 1407 ipsius
1365 1351 1431 1391 ora·

329 1431 422 1487 tionis
445 1438 589 1487 contextu
610 1439 730 1504 tempus
752 1431 920 1504 perlectum
942 1426 1058 1508 (ἀληθῆ
1079 1424 1282 1512 μεμαρτύρηκε
1310 1469 1339 1478 -
1362 1454 1435 1514 μαρ-

328 1521 468 1611 τυρήσας)
488 1541 599 1602 exstat;
619 1535 701 1607 atqui
724 1535 749 1590 si
764 1533 901 1591 falsarius
925 1534 1005 1591 hanc
1020 1534 1180 1592 formulam
1200 1539 1435 1611 composuisset,

328 1641 457 1707 tempus¹
484 1636 714 1709 grammaticum
751 1634 899 1693 formulae
934 1638 999 1694 sine
1038 1637 1135 1694 dubio
1168 1639 1310 1712 tempori,
1347 1639 1433 1719 quod

328 1744 425 1792 exstat
446 1738 477 1792 in
499 1738 646 1794 orationis
670 1739 765 1810 ipsius
779 1746 934 1807 contextu,
955 1741 1236 1808 accommodasset;
1257 1742 1343 1815 quod
1364 1758 1433 1796 cum

330 1853 396 1892 non
424 1837 538 1894 lactum
566 1839 770 1908 inveniamus,
805 1841 973 1913 genuinam
1000 1841 1090 1897 nobis
1116 1840 1197 1897 hanc
1224 1841 1433 1916 antigrapham

330 1939 473 1995 traditam
492 1957 561 1995 esse
585 1941 789 2001 censebimus

409 2041 544 2098 Similem
565 2043 597 2097 iu
619 2042 747 2098 modum
775 2051 866 2118 atque
893 2042 951 2099 hae
978 2043 1060 2099 duae
1088 2042 1236 2101 formulae
1262 2038 1433 2124 ἀντωμοσία

327 2143 359 2197 in
386 2161 482 2200 causa
510 2145 657 2200 adversus
685 2143 843 2201 Socratem
870 2143 1061 2201 conformata
1080 2153 1135 2204 cst.
1178 2143 1250 2216 Quo
1272 2147 1340 2202 loco
1363 2163 1431 2201 cum

329 2246 453 2322 verbum
476 2239 749 2326 ἀνθομολογεῖσθαι
770 2253 882 2314 exstet,
910 2263 985 2302 num
1006 2247 1037 2301 in
1059 2247 1140 2319 ipsa
1163 2249 1284 2303 actione
1307 2247 1433 2320 simplex
1473 2237 1475 2242 ’

327 2348 532 2404 nominativus
566 2348 668 2403 dativo
702 2348 860 2421 appositus
899 2345 1005 2416 luerit,
1046 2347 1210 2404 diiudicari
1242 2349 1289 2403 vix
1323 2354 1433 2422 potest.

327 2445 515 2523 Ceteroquin
533 2450 611 2504 ratio
624 2449 792 2505 accusandi
811 2448 901 2522 plane
917 2465 987 2504 cum
998 2451 1207 2505 accusationis
1219 2450 1338 2505 ratione
1349 2450 1434 2522 apud

327 2548 570 2607 Demosthenem
583 2559 612 2606 et
621 2549 810 2606 Dinarchum
823 2551 973 2623 congruit,
988 2551 1045 2606 nisi
1058 2551 1144 2625 quod
1156 2559 1275 2624 tempus
1286 2567 1433 2624 praeseus

329 2653 437 2708 addito
451 2653 610 2726 participio
625 2652 795 2726 praesentis
807 2638 916 2729 (ἀδικεῖ
924 2639 1057 2729 νομίζων)
1073 2670 1128 2726 pro
1144 2654 1259 2708 aoristo
1277 2653 1432 2726 reperitur.

408 2754 561 2810 Festivum
584 2735 719 2829 denique
749 2754 918 2810 accusandi
944 2756 1178 2811 instrumentum
1205 2755 1291 2827 apud
1318 2753 1432 2809 Aristo-

326 2854 458 2929 phanem
486 2864 652 2924 servatum,
681 2873 742 2931 qua
774 2857 806 2911 in
834 2855 1015 2912 sollemnem
1046 2856 1251 2912 accusationis
1282 2857 1431 2911 rationem

326 2959 461 3014 iocatum
497 2975 564 3014 esse
599 2966 722 3031 poetam
757 2958 992 3014 existimandum
1022 2957 1093 3026 est,¹
1125 2958 1254 3013 maxime
1287 2974 1305 3012 a
1336 2956 1431 3012 tribus

326 3059 470 3132 exemplis
493 3058 652 3133 hucusque
668 3061 847 3117 examinatis
870 3059 1012 3117 abhorret
1031 3077 1132 3134 neque
1149 3060 1319 3134 quidquam
1340 3057 1443 3114 habet.

329 3179 493 3218 commune
505 3162 563 3217 nisi
580 3178 669 3216 usum
683 3179 794 3219 census
811 3163 842 3218 in
857 3162 916 3218 fine
929 3164 1074 3219 actionis:
1096 3161 1169 3218 Non
1182 3169 1215 3217 ut
1235 3162 1266 3217 in
1280 3158 1431 3233 prioribus

326 3263 471 3336 exemplis
499 3264 667 3319 accusandi
697 3264 822 3320 verbum
851 3273 903 3320 aut
930 3281 1054 3338 prorsus
1081 3265 1230 3320 omissum
1257 3270 1309 3318 aut
1336 3293 1376 3303 -
1398 3268 1430 3316 ut

326 3366 408 3438 apud
430 3363 529 3425 Lacrt.
550 3363 588 3422 D.
610 3366 735 3421 verbum
760 3355 913 3444 ἐγράψατο
933 3399 972 3406 -
993 3383 1057 3439 per
1082 3383 1118 3422 se
1140 3367 1274 3439 positum
1296 3371 1351 3433 est,
1373 3363 1428 3418 sed

263 3533 266 3538 Δ
329 3485 408 3541 quae
437 3467 496 3522 illic
525 3468 734 3542 exprimuntur
771 3469 930 3523 enuntiato
966 3469 1124 3542 primario,
1164 3467 1213 3523 hic
1246 3465 1384 3540 pendent
1411 3481 1430 3519 a

325 3570 419 3625 verbo
454 3571 622 3625 accusandi
654 3559 820 3650 ἐγράψατο;
851 3586 943 3643 porro
971 3570 1117 3625 delictum
1138 3569 1345 3635 commissum,
1366 3583 1430 3622 non

329 3672 488 3745 participio
512 3671 699 3744 significatur
721 3673 777 3728 sed
798 3672 946 3746 particula
956 3665 1011 3729 ὅτι.
1043 3670 1148 3745 ltaque
1171 3689 1231 3744 ego
1245 3671 1280 3726 iis
1292 3669 1431 3725 assentiri

327 3791 466 3848 neque0‚
495 3774 545 3847 qui
568 3772 614 3830 his
635 3775 772 3830 versibus
794 3773 974 3830 sollemnem
996 3774 1147 3829 contineri
1174 3773 1313 3829 iudicent
1339 3788 1431 3827 accu-

328 3876 417 3949 sandi
440 3876 524 3949 apud
547 3877 664 3932 Atticos
686 3877 849 3946 rationem;
876 3877 969 3932 immo
993 3876 1089 3931 tribus
1108 3874 1254 3946 ¹formulis
1280 3872 1431 3948 prioribus

322 3979 481 4052 perpensis
498 3985 529 4032 et
542 3978 620 4032 iuter
641 3996 673 4034 se
685 3980 877 4052 comparatis,
900 3978 956 4034 illis
979 3979 1109 4033 maxime
1118 3978 1287 4050 genuinum
1300 3975 1430 4031 actionis

324 4079 496 4154 exemplum
518 4078 652 4136 exhiberi
674 4081 763 4137 nobis
786 4082 949 4139 statuerim.

399 4298 487 4351 lvide
505 4319 531 4368 p.
553 4313 595 4367 35.
