3302 4894
780 307 809 409 3,

319 513 357 569 Id
377 514 463 588 quod
486 513 581 570 altero
611 513 680 570 loco
708 514 798 588 posui
824 516 974 591 quodque
1001 514 1033 572 in
1062 514 1246 589 populiscita
1275 531 1343 571 ora·

239 615 332 672 tionis
359 617 563 673 Andocideae
596 617 637 672 de
670 617 819 691 mysteriis
854 618 1005 692 quadrare
1040 635 1131 691 supra
1159 617 1343 699 aperuimus

239 716 312 772 ideo
334 718 365 773 in
388 716 458 787 han,
488 737 564 792 quas
586 719 775 794 quaerimus,
804 720 959 776 orationes
985 737 1049 775 non
1078 719 1160 776 cadit
1185 718 1271 793 quod
1297 720 1344 774 vix

240 819 385 876 credibile
407 821 527 877 videtur
548 821 605 878 litis
628 823 843 890 instrumenta,
872 839 952 896 quae
974 822 1014 877 ad
1036 823 1191 877 orationes
1213 821 1343 894 privatas

239 930 394 996 spectant,
419 931 593 997 propagata
615 907 682 980 esse
705 940 802 998 usque
825 924 866 980 ad
888 931 1009 997 tempus
1032 923 1220 996 grammatici
1243 924 1346 979 cuius·

243 1024 332 1093 dam,
354 1025 406 1099 qui
429 1026 490 1081 sive
512 1025 544 1082 in
566 1041 656 1082 usum
677 1026 926 1082 exercitationum
948 1025 979 1082 in
1000 1024 1112 1082 scholis
1133 1013 1345 1081 habendarum

244 1126 308 1182 sive
333 1126 374 1182 ad
391 1145 455 1183 rem
472 1105 682 1184 illustrandam
701 1126 857 1196 formulas,
879 1145 958 1202 quae
970 1129 1156 1195 exciderant,
1177 1145 1213 1182 ex
1226 1126 1344 1182 tabellis

242 1227 373 1301 publicis
391 1229 587 1303 depromeret
602 1230 771 1304 denuoque
786 1230 879 1286 textui
891 1230 1038 1286 orationis
1051 1231 1205 1284 insereret.
1239 1227 1345 1284 Restat

241 1329 332 1402 igitur
353 1337 406 1386 aut
427 1332 512 1405 quod
534 1333 631 1405 primo
644 1339 696 1388 aut
707 1332 793 1406 quod
815 1332 903 1388 tertio
925 1332 996 1387 loco
1011 1331 1100 1404 posui
1122 1330 1344 1403 fieripotuisse,

237 1449 280 1488 sc.
303 1439 355 1487 aut
375 1434 479 1489 manui
512 1434 605 1502 illius,
636 1435 687 1508 qui
710 1435 884 1508 composuit
905 1435 1089 1501 orationem,
1116 1431 1170 1488 has
1190 1429 1343 1512 »formulas

237 1533 417 1591 tribuendas
443 1553 509 1592 esse
532 1544 623 1593 anta
646 1536 768 1592 falsario
793 1534 946 1609 proiectas
968 1553 1045 1591 esse.

319 1633 376 1693 Cui
398 1639 441 1693 rei
462 1625 660 1710 indagandae
683 1639 742 1693 iam
764 1639 800 1694 iis
822 1655 901 1713 quae
919 1629 1067 1693 secuntur
1081 1653 1206 1708 operam
1224 1635 1342 1690 demus.
