3302 4894
775 281 813 340 33

392 449 420 508 6.
441 447 489 506 De
511 447 687 505 testimonio
710 451 725 519 ξ
746 445 793 503 61.

324 566 559 631 MAPTTPIA.
602 565 789 649 Μαρτυροῢοι
809 573 951 647 παρεῖναι,
969 555 1346 646 ὅτεἌπολλὸδωροςπρού-

243 676 369 734 καλοῖτο
390 668 543 754 Στέφανον
564 657 746 752 παραδοῦναι
771 661 824 727 τὸν
844 657 938 726 παῖδα
959 661 1010 726 τὸν
1032 659 1198 730 ἀκόλουθον
1222 669 1261 737 εἰς
1292 661 1347 745 βά-

244 796 330 835 σανον
350 772 414 856 περὶ
435 776 490 842 τῆς
519 768 695 854 ὑφαιρέσεως
721 772 776 830 τοῦ
797 767 1015 853 γραμματείου,
1041 767 1092 828 καὶ
1118 762 1284 852 γράμματα
1313 761 1348 837 ἦν

245 874 359 958 ἕτοιμος
377 867 497 958 γράφειν
514 861 749 952 Ἀπολλόδωρος,
769 869 840 929 καθ’
863 869 909 931 ὅτι
929 871 1013 938 ἔσται
1034 867 1052 939 ἡ
1070 863 1204 950 βάσανος,
1244 875 1347 932 ταῦτα

243 969 277 1038 δὲ
304 973 541 1058 προκαλουμένου
565 962 788 1052 Ἀπολλοδώρου
815 969 867 1031 οὐκ
893 971 1037 1041 ἐθελῆσαι
1061 960 1242 1056 rapiuntur
1269 971 1347 1034 Σπέ-

245 1101 342 1165 (ρανον,
365 1072 448 1137 ἀλλὰ
471 1073 687 1158 ἀποκρίνασθαι
706 1063 922 1156 Ἀπολλοδώρῳ
943 1065 1135 1150 δικάζεσθαι,
1156 1081 1181 1135 εἰ
1202 1069 1347 1154 βούλοιτο,

245 1183 269 1241 εἴ
290 1180 321 1242 τί
341 1201 425 1264 φησιν
446 1170 614 1239 ἀδικεῖσθαι
635 1173 679 1258 ὑφ’
703 1177 821 1236 ἑαυτοῦ.

322 1277 585 1341 ΙΙΡΟΚΛΗΣΙΣ.

321 1385 393 1442 Hoc
417 1388 450 1443 in
473 1386 685 1463 ¹instrumento
718 1382 969 1440 Westermannus
992 1382 1070 1466 nihil
1105 1385 1254 1458 vituperat
1288 1385 1346 1442 nisi

243 1489 345 1563 quod,
378 1505 448 1543 cum
482 1494 585 1542 orator
614 1486 706 1542 verba
735 1484 842 1542 fecerit
866 1481 944 1561 λαβέ
971 1505 1019 1565 μοι
1048 1479 1163 1552 ταύτην
1192 1478 1248 1552 τὴν
1273 1506 1346 1567 μαρ-

242 1584 343 1666 τυρίαν
377 1586 428 1647 καὶ
455 1581 509 1654 τὴν
537 1578 707 1665 πρόκλησιν,
742 1589 803 1643 iarn
839 1589 871 1642 in
906 1588 987 1644 libris
1023 1589 1164 1644 lemmata
1195 1588 1346 1662 legantur:

247 1686 482 1753 ΜΑΡΤΤΡΙΑ,
506 1683 770 1761 ΠΡΟΚΛΗΣΙΣ,
795 1691 830 1764 iis
853 1697 964 1760 autem,
986 1708 1066 1764 quae
1077 1697 1230 1759 secuntur,
1249 1691 1347 1746 verbis

243 1794 458 1849 tautummodo
486 1786 713 1848 MAPTTPIA
740 1793 941 1854 contineatur.
991 1789 1048 1848 Cui
1084 1793 1155 1848 vitio
1185 1793 1345 1866 quomodo

245 1894 367 1950 medela
398 1895 568 1966 pararetur,
606 1892 672 1965 ipse
703 1892 860 1950 Westerm.
888 1895 966 1950 viam
992 1895 1177 1951 monstravit.
1224 1892 1346 1962 Etenim

243 1996 390 2069 quoniam
411 1997 543 2051 vidimus
564 2011 581 2049 a
604 1994 731 2051 librariis
760 1995 902 2052 lemmata
930 1996 1200 2057 instrumentorum
1227 2013 1347 2069 semper

247 2104 388 2152 accurate
410 2097 508 2153 verbis
526 2097 654 2152 oratoris
670 2114 738 2153 esse
754 2097 1014 2166 accommodata,¹
1038 2099 1103 2153 sine
1118 2099 1215 2160 dubio
1239 2097 1349 2154 librarii

242 2198 437 2272 neglegentia
460 2197 573 2254 factum
596 2205 654 2266 est,
677 2207 710 2254 ut
731 2199 841 2254 lemma
862 2193 1125 2270 ΠΡΟΚΛΗΣΙΣ,
1150 2201 1236 2256 cuius
1259 2217 1347 2272 argu·

243 2309 379 2357 mentum
395 2302 462 2358 iam
476 2301 596 2375 pridem
620 2301 767 2357 omissum
791 2309 868 2370 erat,
896 2302 978 2358 iuxta
995 2301 1105 2357 lemma
1121 2296 1346 2358 MAPTTPIA

241 2409 417 2475 poneretur,
440 2420 509 2458 curn
522 2403 698 2472 necessario
711 2410 781 2477 post
793 2411 1006 2477 argumentum
1028 2405 1195 2460 testimonii
1216 2405 1244 2459 ei
1259 2403 1346 2460 locus

242 2512 336 2573 esset;
372 2505 457 2578 quod
483 2503 643 2580 hucusque
671 2506 806 2562 editores
834 2504 935 2562 facere
963 2507 1103 2563 omisisse
1127 2505 1215 2561 valde
1245 2507 1346 2562 miror.

242 2603 322 2660 Nam
343 2606 374 2660 in
396 2623 434 2660 eo
463 2607 588 2662 minime
616 2606 831 2664 haesitandum
857 2616 902 2664 est
930 2609 1015 2682 quod
1047 2609 1169 2665 alterius
1197 2607 1345 2664 formulae

241 2716 454 2780 argumentum
475 2708 640 2780 exhibetur,
665 2709 787 2766 alterius
809 2727 872 2765 non
893 2711 979 2780 item;
1001 2711 1178 2779 nonenim,
1201 2717 1234 2765 ut
1254 2709 1346 2768 West.

243 2808 388 2882 disputat,
412 2810 536 2866 unicum
558 2809 616 2866 hac
637 2812 669 2866 in
690 2813 830 2867 oratione
852 2794 1087 2868 instrumentum
1109 2820 1170 2881 est,
1194 2813 1281 2868 cuius
1300 2829 1347 2867 ar-

240 2919 423 2982 gumentum
463 2929 538 2994 non¹
563 2913 769 2982 inveniamus,
805 2931 874 2970 cum
912 2915 1003 2970 etiam
1037 2923 1250 2988 argumentum
1278 2905 1345 2975 ΕΞ-

243 3005 450 3082 tritonum,
473 3030 564 3087 quam
587 3015 684 3087 ipsam
707 3033 832 3089 quoque
860 3014 988 3072 fortasse
1015 3015 1153 3072 librarius
1175 3003 1283 3089 parum
1299 3016 1344 3070 ¹ad

246 3127 308 3167 rem
328 3115 479 3187 pertinere
499 3116 689 3184 existimavit,
712 3134 776 3172 non
797 3127 953 3190 receptum
975 3133 1044 3174 esse
1065 3117 1213 3174 videmus

321 3213 368 3271 De
399 3215 496 3271 forma
523 3215 614 3273 buius
649 3218 816 3274 testimonii
847 3220 1040 3274 monendum
1073 3225 1120 3274 est
1144 3235 1288 3292 magnam
1317 3221 1345 3274 ei

242 3314 471 3374 similitudinem
494 3319 688 3375 intercedere
711 3337 781 3375 eum
804 3319 863 3375 alio
882 3321 1068 3386 testimonie,
1090 3321 1162 3376 item
1184 3322 1224 3377 ad
1236 3338 1346 3395 provo-

240 3418 392 3474 cationem
423 3413 600 3492 pertinenti,
627 3421 713 3494 quod
734 3423 765 3476 in
787 3429 861 3478 orat.
882 3420 950 3478 LIX
972 3427 987 3495 ὅ
1012 3438 1064 3498 123
1097 3431 1202 3481 exstat,
1249 3421 1344 3494 Quod

240 3517 340 3590 ipsum
363 3537 433 3576 curn
456 3521 497 3576 ad
519 3523 730 3578 auctoritatem
752 3523 882 3579 maximo
910 3525 948 3580 sit
964 3533 1123 3581 momento
1148 3542 1278 3599 cumque
1299 3525 1346 3582 in-

241 3619 332 3691 super
353 3637 393 3677 ne
423 3622 672 3681 Westermannus
696 3626 822 3699 quidem
851 3624 977 3694 habeat,
1004 3627 1090 3700 quod
1118 3635 1224 3683 contra
1251 3626 1345 3684 fidem

244 3728 296 3775 aut
317 3719 406 3778 huius
429 3731 482 3778 aut
501 3724 606 3781 illius2
631 3727 838 3796 instrumenti,
864 3728 888 3783 si
916 3729 1042 3802 quidem
1062 3747 1187 3802 prorsus
1210 3731 1344 3802 legitimo

243 3821 352 3876 ordine
376 3825 555 3896 recitantur,
583 3827 731 3900 proferat,
754 3831 855 3886 -de
883 3831 1019 3886 neutrius
1045 3830 1105 3885 iam
1132 3831 1187 3886 erit
1210 3832 1343 3904 genuina

240 3923 359 3996 origine
380 3925 595 3988 dubitandum.

312 4125 322 4164 ¹
342 4131 377 4180 es.
397 4147 421 4194 p.
443 4133 458 4180 6
476 4131 553 4184 huius
573 4136 641 4200 disp.

310 4213 360 4268 21.
379 4235 402 4269 c.
423 4235 450 4284 p.
473 4233 531 4282 129.
