3302 4894
734 341 776 428 ¹u

203 516 299 582 putat,
321 525 392 565 cum
414 507 463 564 alii
486 523 593 563 navem
615 508 713 582 ipsam
735 516 765 564 et
785 509 954 582 portorium
977 508 1168 584 hypothecae
1184 511 1310 568 nomine

206 611 409 685 obligassent,
437 616 502 665 tum
531 616 633 666 autem
655 617 749 684 negat
771 612 898 667 omnino
925 629 1042 668 merces
1071 612 1102 668 in
1124 629 1233 670 navem
1257 614 1312 670 im·

202 712 319 786 positas
336 727 406 769 esse
423 719 545 785 praeter
566 711 731 768 nonnullas
744 730 792 769 res
814 713 896 781 viles,
919 730 998 788 quae
1011 713 1166 787 agricolae
1187 715 1311 772 cuidam

203 812 418 870 Theodosiam
443 820 735 888 transponerentur,
770 814 857 872 cuius
880 815 922 870 rei
944 815 1188 889 conprobandae
1219 817 1311 874 causa

203 915 379 972 testimonia
401 914 581 974 referuntur.

265 1019 384 1092 'Atque
421 1017 518 1090 primo
562 1018 740 1077 testimonio
781 1017 984 1091 Apollonides
1022 1018 1310 1077 Halicarnassensis

201 1117 1311 1195 tmmmsffiememmmAmmmm(mmmmdfflmepoeu

207 1220 1308 1296 mfflfflffloaemmwmmmwmmoewQOl

203 1324 412 1380 testimonium
439 1324 481 1379 ita
504 1331 712 1396 comparatum
741 1331 800 1391 est,
830 1330 862 1379 ut
892 1324 940 1378 vix
967 1323 1135 1398 quidquam
1162 1325 1309 1393 invenias,

202 1426 290 1502 quod
312 1433 419 1482 contra
440 1425 653 1484 auctoritatem
665 1442 803 1482 moneas.
845 1423 997 1482 Videmus
1018 1426 1100 1482 enim
1123 1443 1187 1483 non
1209 1427 1309 1500 ipsum

203 1527 397 1602 Antipatrum
419 1535 528 1584 testem
550 1526 671 1594 induci,
704 1527 760 1583 sed
782 1526 873 1582 alium
896 1525 1053 1584 hominem
1084 1526 1124 1583 de
1146 1528 1196 1584 illo
1226 1530 1309 1585 testi-

205 1629 304 1697 ficari,
334 1647 403 1685 cum
426 1627 565 1685 falsarius
588 1629 652 1684 sine
681 1627 779 1683 dubio
801 1629 992 1702 Antipatrum
1022 1629 1121 1703 ipsum
1147 1637 1309 1694 testantem

203 1729 335 1790 fecisset.
357 1731 488 1786 Accedit
497 1729 582 1805 quod
595 1747 710 1786 nomen
721 1729 916 1802 Apollonidis
927 1729 1208 1788 Halicarnassensis
1219 1733 1310 1790 etiam

203 1832 404 1906 inscriptione
428 1831 518 1888 nobis
541 1838 692 1888 servatum
714 1838 775 1900 est3
802 1831 932 1905 legimus
953 1831 1080 1888 enimin
1101 1833 1188 1889 titulo
1208 1835 1310 1909 sepul·
1393 1867 1395 1870 -

201 1932 276 1988 crali
287 1930 298 1972 ¹
319 1931 446 1988 Athenis
458 1949 541 1988 anno
560 1931 651 1989 huius
664 1913 778 1989 saeculi
791 1934 983 2007 sexagesimo
995 1941 1134 2007 reperto:
1154 1929 1309 1994 Ἀπολλω-

199 2021 283 2102 νίδης
304 2029 458 2092 Μενίππου
477 2026 734 2113 Ἁλικαρνασσεὺς,
762 2035 812 2091 cui
840 2035 914 2110 quin
936 2036 1171 2110 quodammodo
1200 2056 1309 2095 neccs-

201 2136 308 2193 situdo
331 2152 400 2192 cum
416 2133 667 2219 ‘Demosthenico
689 2136 863 2193 intercedat
879 2154 943 2192 non
964 2137 1093 2194 dubium
1115 2140 1242 2198 videtur.

285 2238 320 2293 ln
341 2237 439 2293 ironte
466 2238 591 2294 alterius
620 2237 786 2293 testimonii
807 2236 948 2294 Erasiclis
975 2257 1091 2296 nomen
1119 2243 1309 2300 testificantis

201 2340 339 2412 positum
358 2347 416 2408 est,
436 2340 466 2396 in
490 2338 588 2395 fronto
611 2339 688 2394 tertii
710 2337 870 2412 Hippiae.2
911 2339 1045 2415 Uterque
1067 2342 1214 2412 affirmat,
1239 2363 1308 2402 cum

197 2439 361 2497 veheretur
381 2441 467 2497 navis
488 2439 715 2510 Theodosiam,
747 2458 865 2498 merces
887 2441 1068 2516 Apollodori
1093 2447 1192 2502 nullas
1215 2447 1308 2505 luisse

198 2543 231 2602 in
252 2559 329 2598 nave
340 2549 553 2616 praeterquam
575 2541 649 2607 illas,
673 2559 752 2615 quae
765 2543 919 2616 agricolae
932 2554 1168 2618 asportarentur.
1211 2549 1308 2620 Quod

201 2643 1359 2728 fflssfflfflfflmfflfflfflmfflmmffl‚

199 2763 272 2801 cum
294 2749 357 2818 §31
384 2745 529 2818 scriptum
549 2744 741 2801 inveniamus
764 2744 857 2802 fuisse
887 2748 918 2803 in
940 2765 1035 2807 nave:
1056 2741 1184 2832 ’τάριχός
1206 2771 1241 2812 τε
1257 2752 1309 2812 καὶ

199 2839 274 2904 οἶνον
307 2841 394 2922 Κῷον
426 2843 490 2904 καὶ
522 2838 601 2903 ἄλλ’
632 2838 746 2916 ἅττα,
779 2847 929 2906 Erasicles
961 2854 1123 2909 contendit
1151 2857 1309 2929 octoginta

203 2949 300 3004 cados
323 2949 384 3004 vini
405 2946 462 3005 Coi
482 2947 626 3018 infuisse,
653 2945 782 3024 Hippias
805 2968 900 3008 unum
921 2953 967 3008 vel
988 2954 1052 3010 duo
1070 2973 1142 3011 vasa
1164 2955 1233 3012 lana
1254 2958 1309 3014 im-

203 3049 294 3122 pleta,
316 3049 466 3109 nonnulla
481 3051 563 3105 coria
575 3051 708 3124 caprina,
730 3053 900 3126 compluria
912 3044 1038 3132 κεράμια
1060 3059 1158 3114 carnis
1172 3059 1287 3116 salitae.

282 3149 413 3208 Maximo
425 3151 591 3208 offensioni
603 3161 674 3208 suut
685 3153 917 3211 Westermanno
937 3173 1029 3213 voces
1045 3162 1060 3231 ξ
1071 3174 1140 3232 34,4
1164 3154 1309 3218 Ἀπολλο-

201 3241 306 3330 δώρου,
328 3247 421 3310 αὐτοῦ
442 3253 497 3310 τοῦ
518 3242 675 3333 φεύγοντος
695 3251 754 3311 νυνὶ
773 3247 828 3320 τὴν
848 3243 938 3327 δίκην,
961 3275 1030 3313 cum
1052 3277 1115 3314 uon
1137 3260 1168 3315 in
1183 3261 1308 3334 Apollo·

202 3352 1040 3417 ‹mmmsfflianmmnffimmmmmmdmsm
1083 3360 1308 3438 deqmm-

201 3472 274 3512 nam
304 3454 415 3511 habeat
437 3454 687 3529 explicationem,
719 3458 778 3515 iam
800 3459 968 3517 videamus.
1010 3461 1110 3538 Atque
1133 3481 1308 3540 quanquam

200 3575 239 3613 ex
261 3561 276 3628 ξ
302 3573 334 3630 15
369 3555 405 3632 (oi
433 3552 487 3635 μὲν
507 3547 565 3637 γὰρ
587 3544 731 3639 ἀδελφοὶ3
753 3559 779 3616 ol
804 3549 914 3618 τούτου
942 3560 987 3618 ἔτι
1008 3553 1141 3644 νεώτεροι
1161 3553 1236 3630 ἦσαν
1257 3565 1309 3625 καὶ

222 3775 225 3781 ·
275 3761 284 3800 ¹
304 3765 370 3814 Vide
391 3767 557 3816 Kumanudis
572 3767 651 3816 inser.
664 3783 720 3832 sep.
740 3769 821 3832 p.181
844 3783 869 3820 n.
885 3781 958 3833 1451.
996 3771 1096 3822 Confer·
1114 3775 1190 3824 eliam
1209 3778 1306 3836 Roell,

198 3854 282 3902 Inscr.
307 3852 352 3902 Gr.
386 3855 594 3919 antiquissimae,
616 3872 641 3904 n.
663 3867 722 3920 500.
761 3857 875 3906 Bulletin
908 3858 941 3906 de
966 3862 1197 3926 correspondence
1216 3865 1307 3914 Helle·

202 3940 279 4005 nique
295 3941 318 3989 V
337 3957 362 4005 p.
384 3953 444 4004 493.
466 3943 505 3990 lV
524 3960 550 4004 p.
570 3953 629 4005 295.

274 4023 287 4064 2
307 4029 413 4076 Nomen
432 4029 583 4095 Athenippi
602 4030 675 4088 Hal„
695 4033 778 4096 patris
794 4032 874 4092 illius,
895 4041 979 4083 exstat
998 4035 1024 4084 iu
1045 4036 1075 4086 C.
1094 4038 1116 4085 l.
1133 4037 1166 4086 G.
1183 4054 1208 4088 n.
1229 4042 1305 4103 2655.

276 4111 288 4148 3
308 4115 375 4164 Nam
396 4116 473 4165 etiam
493 4118 700 4182 Apollodorum,
722 4135 774 4168 non
795 4120 880 4169 solum
890 4122 1073 4183 Artemonem,
1098 4126 1204 4174 fratrem
1225 4127 1306 4176 luisse

200 4200 303 4250 Lacriti
323 4210 348 4250 et
369 4219 400 4250 ex
417 4203 469 4252 hoc
488 4205 547 4268 ipso
566 4205 627 4254 loco
648 4214 675 4255 et
695 4223 725 4254 ex
744 4205 758 4270 ξ
779 4207 794 4256 8
815 4200 890 4274 (παρὰ
910 4209 969 4259 τῶν
988 4207 1129 4278 ἀδελφῶν
1147 4212 1197 4261 τῶν
1218 4211 1307 4277 αὐτοῦ)

198 4295 227 4337 et
249 4303 281 4336 ex
299 4287 315 4354 ξ
334 4301 368 4350 42
395 4284 465 4354 (τοὺς
489 4285 648 4359 ἀδελφοὺς
670 4289 729 4351 τοὺς
753 4291 842 4344 ἑαυτοῦ
862 4291 989 4347 ἐπαίδευσε
1013 4292 1058 4348 riv
1081 4298 1190 4348 παιδείαν
1214 4298 1307 4365 ταύτην
