3302 4894
826 377 866 434 30

292 530 518 617 τούτουμήτηρ
537 533 624 597 ναὶὸ
649 539 704 607 τῆς
724 536 794 617 ἐμῆς
820 530 955 620 γυναικὸς
976 532 1075 618 πατὴρ
1095 527 1225 620 ἀδελφοί,
1248 541 1289 596 de
1305 539 1396 596 huius

294 645 336 699 rei
348 643 472 698 veritate
493 643 555 698 iarn
576 643 691 698 nemini
703 642 909 698 dubitandum
930 649 1003 702 erat.
1044 643 1079 698 ln
1094 644 1270 700 testimonio
1293 651 1396 698 autem

294 746 368 801 ideo
392 743 499 801 Dinias
526 763 559 800 se
587 746 628 800 ait
649 753 766 818 patrem
790 745 985 827 esse-uxoris
1006 744 1164 819 Stephani,
1195 752 1228 801 ut
1255 746 1396 820 quisnam

296 847 452 902 omnino
475 847 513 902 sit
534 847 662 920 aperiat;
685 864 754 902 narn
777 845 837 902 hoc
858 847 916 903 nisi
938 846 1074 916 fecisset,
1096 847 1242 922 quoniam
1264 854 1397 902 tanturn-

293 948 390 1004 modo
413 949 603 1004 antecedunt
628 949 720 1005 verba
745 942 822 1024 λαβὲ
848 939 903 1013 τὴν
928 944 1088 1028 μαρτυρίαν
1116 938 1172 1020 sylv
1199 943 1307 1005 Δεινίου
1330 988 1336 1002 .
1360 989 1366 1002 .
1389 989 1395 1002 .

293 1045 344 1106 καὶ
365 1038 452 1106 κάλει
473 1044 593 1122 Δεινίαν,
615 1069 708 1106 nemo
730 1051 868 1107 iudicum
898 1050 1037 1120 Diniam,
1066 1051 1154 1107 cuius
1182 1068 1298 1106 nornen
1325 1057 1395 1106 ante

294 1151 374 1207 hanc
395 1157 410 1225 g
431 1170 495 1208 non
520 1161 567 1210 est
588 1161 871 1222 commemoratum,
893 1155 993 1228 ipsum
1015 1153 1098 1210 illum
1119 1171 1201 1222 esse,
1230 1153 1282 1226 qui
1309 1152 1397 1226 quasi

293 1254 447 1310 vinculum
490 1256 583 1312 totius
627 1257 821 1329 cognationis
862 1264 944 1312 esset
984 1257 1062 1312 inter
1101 1254 1325 1329 Apollodorum
1367 1260 1397 1309 et

293 1355 494 1430 Stephanum,
516 1357 652 1413 divinare
676 1358 783 1430 potuit.

373 1458 526 1528 Alterum,
548 1458 633 1533 quod
656 1460 687 1514 in
715 1460 918 1516 instrumento
947 1459 1097 1533 prolatum
1124 1460 1157 1515 iri
1183 1465 1395 1531 exspectamus

294 1577 336 1618 sc,
363 1559 486 1618 Diniam
517 1561 746 1619 testificaturnm
773 1581 840 1619 esse
874 1560 1019 1636 Stephani
1046 1561 1255 1617 testimonium
1288 1557 1396 1614 falsum

294 1659 405 1730 luisse,
434 1679 498 1719 non
518 1672 634 1720 exstare
656 1665 810 1732 vitlemus;
842 1664 912 1720 loco
941 1662 1031 1720 huius
1060 1662 1231 1719 sententiae
1256 1661 1397 1717 videmus

294 1761 417 1819 Diniam
451 1772 613 1822 testantem
646 1783 703 1834 „se
742 1783 899 1840 nunquam
933 1765 1070 1822 adfuisse
1105 1781 1207 1839 neque
1241 1762 1396 1819 audivisse

293 1864 520 1938 Apollodorum
567 1866 713 1925 liberasse
757 1867 975 1924 Phormionem
1023 1867 1106 1923 omni
1157 1865 1396 1922 criminatione.“

292 1965 356 2022 lam
390 1970 536 2042 quoniam
562 1987 598 2026 ex
630 1987 682 2040 ea,
717 1988 795 2045 quae
829 1971 981 2045 sequitur,
1011 1967 1244 2042 §concluditur
1273 1965 1396 2022 Diniam

293 2069 429 2128 noluisse
454 2072 602 2129 adversus
624 2071 814 2146 Stephanum
836 2080 1002 2146 cognatum
1029 2088 1098 2127 vera
1121 2071 1240 2138 testari,
1268 2067 1396 2125 fortasse

293 2173 454 2246 quomodo
498 2173 707 2246 Apollodorus
744 2175 900 2232 adductus
935 2176 985 2243 sit,
1025 2182 1058 2229 ut
1094 2173 1153 2229 tale
1188 2172 1397 2228 testimonium

213 2279 216 2286 '
293 2273 421 2342 afferret,
444 2277 622 2332 coniectura
633 2278 754 2351 assequi
765 2293 940 2350 possumus.
972 2275 1094 2333 Etenim
1108 2293 1178 2332 curn
1189 2275 1397 2349 Apollodorus
1422 2304 1425 2310 ·

293 2395 312 2432 a
325 2394 434 2434 socero
448 2378 585 2451 petiisset
597 2385 629 2434 ut
638 2386 798 2434 testaretur
812 2386 919 2435 contra
930 2377 1117 2453 Stephanum
1135 2377 1299 2451 sociosque
1322 2375 1397 2444 eius,

293 2496 424 2553 quorum
451 2481 595 2554 pravitate
622 2481 722 2557 ipsum
749 2481 841 2538 tantis
863 2480 949 2537 malis
972 2481 1115 2536 obrutum
1137 2497 1205 2538 esse
1233 2474 1396 2553 queritur,l

288 2571 416 2637 ‘Diniam
433 2583 628 2656 cognationis
649 2583 771 2639 vinculo
786 2600 856 2639 curn
869 2581 1024 2656 Stephano
1045 2582 1243 2637 coniunctum
1268 2596 1396 2654 respon·

293 2684 377 2740 disse
389 2685 542 2754 coniecto,
554 2692 661 2742 contra
672 2684 807 2758 reliquos
823 2692 914 2741 testes
928 2684 1068 2739 lubenter
1082 2699 1193 2739 seesse
1208 2688 1397 2748 testaturum‚

294 2803 358 2841 non
386 2803 419 2842 se
454 2794 633 2844 testaturam
661 2787 808 2844 adversus
844 2785 1049 2860 Stephanum;
1075 2785 1193 2858 itaque,
1222 2799 1398 2858 quanquam

293 2889 503 2946 testimonium
524 2887 635 2946 Diniae
658 2889 703 2944 vel
721 2889 823 2963 potius
846 2888 998 2962 posterior
1029 2904 1098 2961 pars
1127 2886 1292 2942 testimonii
1319 2883 1398 2941 hanc

293 2992 325 3047 in
348 3009 473 3049 causam
492 2993 620 3048 omnino
642 3009 707 3048 non
725 2991 816 3060 cadit,
839 2990 938 3046 sedin
951 3006 1085 3058 causam,
1107 3005 1199 3063 quam
1216 2989 1247 3044 in
1264 2986 1398 3060 reliquos

249 3164 266 3192 ¹·
296 3100 388 3150 testes
411 3102 514 3150 orator
536 3101 733 3167 suscepturus
745 3092 833 3162 erat‚‘²
854 3094 914 3148 iam
937 3092 1020 3148 nullo
1034 3091 1094 3147 alio
1111 3089 1288 3146 testimonio
1303 3089 1399 3162 impe·

296 3202 384 3265 trat0,
407 3203 560 3253 oratorem
579 3195 653 3253 illud
672 3197 704 3252 in
727 3197 824 3269 ipsam
847 3195 993 3250 adversus
1013 3191 1202 3267 Stephanum
1226 3191 1397 3247 orationem

293 3299 428 3354 inserere
473 3305 629 3367 coactum,
672 3297 765 3354 totius
799 3297 842 3352 rei
882 3312 1056 3352 connexum
1095 3295 1137 3350 ita
1176 3293 1398 3367 comparavisse

293 3401 438 3474 putarim,
469 3407 501 3456 ut
522 3399 759 3474 quodammodo
788 3398 946 3454 utilitatem
968 3396 1125 3472 quandam
1148 3414 1183 3452 ex
1205 3412 1243 3450 eo
1267 3400 1397 3466 caperet.

293 3500 332 3556 Et
357 3501 417 3558 hoc
446 3501 485 3558 ab
509 3518 547 3557 eo
570 3500 645 3560 scite
667 3511 697 3556 et
719 3499 882 3556 artificiose
903 3500 1074 3556 institutum
1095 3515 1165 3555 esse
1187 3495 1398 3553 confitendum

296 3636 494 3643 ...ψ--

367 3726 411 3796 lt}
433 3742 456 3793 5.
482 3726 562 3780 ἔπειτα
579 3723 714 3798 μάρτυρας,
737 3725 771 3786 ως
793 3723 877 3794 ἀφῆκα
897 3718 972 3777 αὖτὀν
997 3726 1046 3775 τῶν
1065 3719 1238 3793 ἐγκλημάτων,
1262 3721 1399 3790 παρέσχετο

294 3817 395 3882 ψευδεῖς.

363 3903 410 3971 2§
430 3919 453 3970 7.
480 3903 532 3972 περὶ
550 3903 592 3973 μὲν
611 3898 641 3969 δὴ
661 3905 711 3954 τῶν
730 3899 818 3954 ἄλλων
837 3900 887 3951 τῶν
909 3895 1144 3969 μεμαρτυρηκότων,
1175 3893 1234 3950 ὅταν
1258 3892 1317 3966 πρὸς
1340 3894 1398 3948 ἐκεί-

294 4013 350 4054 νους
368 3989 443 4058 εἰσίω,
463 3987 518 4044 τότε
539 3989 594 4059 ἐρῶ.

364 4083 379 4148 ξ
399 4095 441 4144 40.
466 4073 511 4145 τὴν
530 4075 577 4148 γὰρ
597 4081 677 4145 δίκην,
702 4077 726 4130 ἐν
747 4066 764 4148 ᾗ
788 4077 866 4128 ταῦτα
885 4071 1058 4145 ἐμαρτυρήθη,
1082 4069 1255 4142 παρεγράψατο
1282 4071 1400 4141 Φορμίων

294 4164 353 4238 πρὸς
381 4167 422 4238 ἐμὲ
449 4162 481 4238 μὴ
511 4163 675 4237 εἰσαγώγιμον
706 4160 764 4218 εἶναι
792 4163 825 4225 ὡς
853 4161 982 4232 ἀφέντος
1010 4161 1083 4233 ἐμοῦ
1110 4161 1169 4213 τῶν
1196 4156 1400 4231 ἐγκλημάτων

295 4251 394 4309 αὐτόν.
424 4255 499 4307 τοῦτο
526 4255 607 4306 τοίνυν
626 4250 675 4321 ἐγὼ
695 4253 738 4323 μὲν
759 4249 813 4304 οἶδα
835 4252 924 4318 ψεῦδος
944 4249 984 4318 ὂν,
1007 4249 1048 4302 καλ
1069 4248 1158 4316 ἐλέγξω
1177 4244 1237 4301 ὅταν
1256 4245 1322 4299 είσίω
1341 4242 1400 4318 πρὸς

295 4338 352 4403 τοὺς
370 4344 449 4394 ταῦτα
468 4339 689 4414 μεμαρτυρηκότας.
