3302 4894
667 817 864 895 Vita.

297 1025 396 1084 Natus
428 1043 496 1082 sum
531 1024 667 1081 loannes
701 1021 849 1080 Emestus
878 1021 1028 1079 Kirchner
1059 1042 1085 1081 a.
1112 1025 1143 1082 d.
1167 1023 1224 1082 Vll
1250 1026 1318 1085 Kal.

216 1127 293 1186 Nov.
322 1129 395 1184 anni
422 1126 449 1188 b,
473 1145 496 1186 s.
523 1126 592 1183 LIX
623 1126 727 1183 Revali
759 1123 966 1182 Esthonorum
1002 1133 1085 1199 patre
1116 1125 1194 1183 lulio
1223 1138 1319 1184 matre

216 1229 308 1304 Molly
342 1249 359 1286 e
389 1237 481 1304 gente
511 1227 616 1296 Koch,
660 1228 771 1303 quibus
809 1226 912 1283 adhuc
940 1228 1151 1301 superstitibus
1184 1231 1317 1304 gaudeo,

216 1331 325 1387 Fidem
351 1331 496 1405 profiteor
524 1329 740 1402 evangelicam.
791 1327 973 1385 Litterarum
1001 1329 1160 1387 elementis
1184 1332 1319 1389 imbutus

221 1433 295 1488 inde
317 1433 356 1489 ab
377 1450 460 1489 anno
480 1430 593 1488 LXVII
614 1431 764 1506 gymnasii
788 1430 829 1487 St.
851 1431 960 1486 Annae
981 1429 1210 1507 Petropolitarri,
1232 1435 1318 1508 quod

216 1542 300 1608 patre
342 1535 499 1591 carissimo
541 1535 694 1590 directore
733 1532 894 1607 hucusque
927 1533 1028 1600 floret,
1059 1534 1229 1608 discipulus
1266 1533 1318 1591 fui.

217 1637 374 1692 Autumno
387 1637 461 1692 anni
473 1632 608 1703 LXXIV,
630 1635 741 1691 Russia
762 1636 875 1704 relicta,
896 1635 927 1690 in
952 1652 1112 1692 numerum
1124 1637 1317 1693 alumnorum

215 1737 339 1796 scholae
368 1739 472 1812 regiae
497 1736 652 1794 Portensis
673 1745 814 1810 receptus
834 1754 915 1806 sum,
944 1739 1031 1794 euius
1057 1738 1218 1812 disciplina
1239 1737 1319 1794 sruc-

215 1841 391 1898 tuosissima
425 1858 479 1914 per
512 1840 648 1915 quinque
679 1857 780 1896 annos
817 1847 848 1895 et
883 1857 935 1896 sex
967 1857 1090 1896 menses
1134 1858 1209 1896 usus
1240 1858 1317 1896 sum.

215 1941 397 1999 Maturitatis
429 1943 607 1999 testimonio
634 1943 769 1998 munitus
790 1959 860 1998 vere
888 1942 960 1997 anni
981 1940 1106 2011 LXXX,
1136 1950 1168 1998 ut
1188 1941 1318 2016 philolo-

216 2046 285 2117 giae
297 2062 422 2118 operam
436 2045 551 2113 darem,
573 2042 670 2100 Halas
687 2043 843 2099 Saxonum
856 2061 905 2099 me
919 2028 1043 2100 contuli.
1075 2044 1231 2099 Autumno
1245 2044 1318 2100 anni

216 2147 405 2221 insequentis
439 2147 502 2202 adii
535 2145 645 2202 almam
677 2145 835 2203 Musarum
868 2147 975 2202 sedem
1011 2145 1227 2213 Bonnensem,
1266 2146 1317 2201 ubi

217 2265 285 2303 cum
310 2249 375 2304 duo
404 2249 561 2305 semestria
582 2256 790 2304 commoratus
811 2265 928 2315 essem,
955 2246 1050 2304 Halas
1079 2247 1169 2315 redii,
1198 2264 1259 2321 qua
1286 2249 1317 2303 in

215 2351 409 2406 universitate
437 2367 534 2424 usque
563 2351 604 2406 ad
628 2350 689 2406 hoc
714 2359 834 2424 tempus
861 2358 997 2407 versatus
1018 2369 1095 2408 sum.
1136 2349 1318 2407 Docuerunt

215 2469 262 2508 me
284 2452 338 2508 viri
355 2451 558 2509 illustrissimi:
579 2452 757 2521 Buecheler,
777 2451 941 2522 Luebbert,
963 2451 1174 2520 Neuhaeuser,
1197 2450 1317 2508 Usener

217 2552 415 2622 Bonnenses;
435 2552 660 2628 Dittenberger,
679 2553 867 2623 Duemmler‚
888 2553 1057 2622 Erdmann‚
1079 2552 1188 2628 Haym,
1210 2553 1318 2609 Hertz-

215 2655 304 2728 berg,
331 2653 551 2730 Heydemann,
586 2654 696 2725 Hiller,
725 2656 808 2728 Keil,
835 2655 958 2724 Krohn,
992 2655 1173 2724 Neumann,
1203 2653 1317 2712 Schum

216 2755 377 2815 Halenses

295 2859 454 2916 Seminarii
473 2859 700 2935 philologorum
712 2860 856 2918 Halensis
875 2878 930 2935 per
950 2878 1055 2930 unum,
1078 2859 1252 2916 Bonnensis
1263 2876 1318 2932 per

217 2960 282 3016 duo
305 2963 464 3018 semestria
486 2962 602 3018 sodalis
624 2961 667 3018 sui
682 2963 865 3019 ordinarius.
906 2961 947 3018 Ut
968 2963 1000 3017 in
1022 2962 1200 3018 societatem
1219 2960 1317 3034 philo-

216 3059 345 3135 logicam
374 3064 534 3136 reciperer,
557 3063 648 3120 Keilii
667 3065 857 3138 benignitate
878 3063 951 3120 mihi
978 3063 1114 3137 contigit.
1155 3061 1317 3119 Praeterea

216 3159 393 3238 Duemmler
413 3165 455 3220 ad
477 3165 673 3221 seminarium
695 3164 872 3222 historicum
893 3183 942 3221 me
964 3166 1096 3233 admisit,
1117 3172 1151 3221 ut
1171 3165 1317 3220 exercita-

217 3264 351 3321 tionibus
371 3265 434 3321 suis
450 3266 630 3322 interessem
643 3265 907 3341 palaeographicis
926 3275 957 3322 et
978 3266 1182 3340 diplomatieis
1194 3265 1317 3334 Schum,

217 3362 368 3424 historicis
380 3365 545 3424 Neumann
560 3367 694 3441 benigne
706 3376 936 3424 concesserunt.
957 3366 1079 3438 Quibus
1090 3368 1159 3423 viris
1174 3368 1317 3423 omnibus

216 3469 326 3537 gratias
353 3487 412 3542 ago
435 3469 569 3537 debitaS,
600 3469 736 3542 inprimis
764 3487 835 3525 vero
857 3468 1064 3542 Dittenbergi,
1088 3468 1203 3532 Hilleri,
1226 3468 1317 3525 Keilii

217 3583 335 3641 semper
356 3578 443 3643 grato
465 3572 579 3645 pioque
601 3571 705 3626 animo
728 3570 827 3626 colam
849 3572 1036 3631 memoriam.
