3302 4894
909 325 948 369 20

375 494 467 552 verba
502 502 702 585 sequerentur
732 493 807 550 inde
838 493 876 549 ab
907 483 1038 574 ἀργύριον
1066 527 1102 538 -
1130 481 1294 566 Ἀθήναζε,
1321 503 1385 552 tum
1413 502 1485 570 post

378 596 626 652 adhortationem
646 595 775 651 oratoris
796 597 940 651 insertam
959 597 1154 666 indicaretur,
1175 598 1320 671 quidnam
1344 598 1484 671 supplicii

377 698 417 753 de
447 714 486 754 eo
517 697 703 752 sumendum
737 704 834 765 esset,
866 699 917 772 qui
940 706 1046 754 contra
1067 700 1198 772 priorem
1220 698 1317 772 legem
1343 696 1483 765 faceret,¹

376 799 462 873 quod
490 799 624 872 denique
652 798 750 854 verbis
782 799 856 854 inde
878 799 916 854 ab
942 787 1049 857 ἐὰνδὲ
1071 786 1261 878 -μηδεμία
1285 801 1482 874 exciperetur.

456 900 568 956 Iamsi
596 901 637 955 de
663 901 842 957 auctoritate
865 901 939 978 legis
960 903 1143 977 quaerimus,
1166 918 1267 976 neque
1289 907 1395 957 contra
1419 918 1483 957 ser·

374 1019 499 1059 monem
522 1018 622 1076 neque
648 1010 754 1058 contra
774 1020 822 1058 ros
843 1003 926 1076 ipsas
945 1012 991 1058 est
1012 1003 1098 1078 quod
1119 1020 1312 1064 moneamus,

456 1103 562 1158 Sermo
584 1103 674 1176 plane
695 1103 863 1177 respondet
884 1105 1018 1160 sermoni
1046 1105 1147 1178 legum
1169 1103 1307 1172 SolomS,
1338 1122 1417 1179 quae
1443 1105 1476 1160 in

376 1206 517 1261 oratione
540 1205 572 1278 iu
600 1203 800 1260 Macartatum
830 1205 975 1263 exstaret
1022 1206 1071 1262 Ad
1099 1206 1191 1262 verba
1216 1207 1248 1262 in
1275 1205 1374 1262 fronte
1402 1203 1478 1278 legis

376 1305 489 1380 posita:
512 1294 644 1386 ἀργύριον
664 1292 698 1364 δὲ
718 1297 759 1384 μὴ
782 1295 888 1376 ἐξεῖναι
914 1294 1048 1364 ἐκδοῦναι
1074 1307 1266 1364 conterenda
1294 1315 1366 1364 sunt
1390 1307 1483 1362 verba

376 1409 451 1482 Iegis
474 1409 505 1464 in
530 1416 605 1464 orat.
626 1405 734 1477 XLIII,
757 1407 805 1476 62,
832 1425 879 1466 10:
901 1414 1029 1489 γυναῖκα
1051 1398 1085 1467 δὲ
1105 1402 1147 1488 μὴ
1166 1402 1273 1481 ἐξεῖναι
1286 1404 1417 1478 εἰσιέναι;
1439 1407 1481 1462 ad

375 1511 479 1566 verba:
507 1501 580 1567 εἷναι
607 1553 613 1566 .
642 1554 649 1566 .
679 1554 686 1566 .
717 1501 785 1587 πρὸς
812 1503 882 1579 τοὺς
910 1502 1093 1589 ἐπιμελητάς
1122 1511 1314 1569 conferenda
1345 1513 1376 1567 iu
1404 1516 1481 1567 orat.

375 1610 482 1676 XLIII,
496 1625 542 1684 γι,
560 1628 608 1685 13:
630 1603 687 1679 τας
704 1598 738 1670 δὲ
754 1598 837 1680 δίκας
859 1603 931 1670 εἶναι
951 1604 1143 1690 περὶτούτων
1155 1606 1223 1694 πρὸς
1237 1605 1306 1682 τοὺς
1320 1606 1480 1692 ἄρχοντας

375 1713 416 1768 ad
449 1714 555 1770 verba:
591 1701 668 1792 μηδὲ
700 1707 777 1792 ἀρχὴ
809 1709 958 1794 εἰσαγέτω
982 1711 1046 1793 περὶ
1071 1706 1180 1772 τούτου
1201 1703 1331 1795 μηδεμία
1354 1715 1385 1770 in
1406 1719 1482 1772 orat.

374 1814 483 1884 LXIII,
516 1829 563 1889 75,
609 1831 643 1888 14
687 1815 790 1872 verba:
834 1812 1022 1898 εἰςαγαγέτω
1060 1818 1099 1885 εἰς
1140 1810 1195 1882 τὴν
1233 1811 1353 1883 ἡλιαίαν
1383 1815 1436 1892 (sc.
1463 1810 1481 1872 ὁ

375 1907 511 1995 ἄρχων).3

455 2017 551 2088 Quod
572 2019 679 2074 attinet
701 2021 977 2094 adargumentum
998 2021 1098 2094 ipsum
1122 2022 1213 2094 legia,
1245 2039 1306 2090 res,
1328 2037 1404 2095 quas
1422 2028 1483 2075 ter-

376 2120 484 2175 minari
507 2121 660 2188 videmuS,
687 2140 812 2196 prorsus
833 2140 933 2178 rerum
963 2132 1089 2179 naturae
1112 2123 1332 2188 accomodatas
1353 2139 1422 2178 esse
1443 2139 1482 2177 ex

377 2228 452 2278 orat.
493 2220 582 2279 Dem.
613 2219 712 2276 LVIII
740 2220 772 2275 in
799 2219 1006 2288 Theocrinem
1034 2219 1137 2276 habita
1165 2221 1327 2276 discimus:
1355 2219 1391 2275 In
1420 2237 1482 2294 qua

375 2341 445 2379 cum
468 2323 663 2391 ostendatur,
685 2321 891 2378 Theocrinem
914 2321 1031 2378 Miconi
1058 2322 1182 2378 cuidam
1203 2311 1290 2402 φάσιν
1309 2322 1482 2378 Intendisse

374 2423 400 2500 (ξ
420 2441 438 2499 q
462 2416 552 2482 αὐτὸν
573 2415 625 2482 τὸν
646 2411 837 2493 Μίκωνα,ὀῦ
856 2423 941 2506 ἔφηνε
961 2415 998 2484 τὸ
1026 2421 1154 2501 πλοῖον),
1180 2426 1327 2500 quoniam
1355 2441 1420 2480 non
1447 2424 1481 2479 in

375 2527 563 2583 Athenarum
583 2528 753 2601 emporium
776 2521 980 2613 frumentum}
1003 2527 1226 2599 importavisset
1243 2527 1270 2599 (ξ
1288 2532 1336 2599 12)
1354 2542 1481 2599 remque

375 2629 460 2702 apud
481 2621 550 2696 τοὺς
573 2619 757 2706 ἐπιμελητὰς
783 2620 838 2686 τοὺ
862 2623 998 2706 ἐμπορίου
1027 2635 1126 2684 actam
1153 2646 1222 2684 esse
1244 2628 1355 2702 apertis
1381 2627 1480 2684 verbis

375 2730 528 2786 indicetur
550 2731 576 2806 (ξ
598 2729 615 2788 8
636 2721 753 2795 ταύτην
774 2723 830 2795 τὴν
850 2719 945 2811 φάσιν,
967 2718 992 2786 ὦ
1014 2717 1113 2807 ἄνδρες
1134 2717 1287 2799 δικασταί,
1314 2715 1406 2785 ἔδωκε
1427 2722 1481 2805 μὲν

373 2824 472 2888 οὑτοσί
494 2826 618 2909 (Θεοκρ.)
641 2821 913 2910 προαααλεσάμενος
942 2822 994 2888 τὸν
1015 2827 1154 2902 Μίκωνα,
1183 2829 1274 2907 ἔλαβε
1295 2818 1320 2887 δ’
1343 2823 1359 2887 ὁ
1385 2847 1480 2910 γραμ-

372 2924 485 3010 ματεὺς
497 2927 513 2991 ὁ
527 2933 588 2990 τῶν
598 2934 653 2990 τοῦ
665 2929 800 3013 ἐμπορίου
817 2931 1009 3012 ἐπιμελετῶν,
1030 2923 1233 3013 Εὐθύφημος),
1254 2933 1332 2989 haec
1344 2933 1376 2988 in
1387 2932 1480 2988 verba

371 3035 447 3108 legis
464 3037 578 3110 optime
593 3037 754 3110 quadrant.
776 3035 855 3092 Nam
869 3053 933 3092 non
946 3036 1047 3091 miuus
1062 3035 1129 3103 iilis,
1151 3037 1202 3109 qui
1223 3037 1254 3091 iu
1271 3035 1356 3091 aliud
1372 3051 1479 3108 empo-

370 3137 448 3192 rium
463 3145 554 3211 atque
568 3136 802 3204 Atheniensium
816 3137 1002 3194 frumentum
1015 3145 1215 3212 asportarent,
1232 3153 1323 3210 quam
1338 3135 1404 3202 illis,
1425 3137 1477 3208 qui

370 3240 533 3311 pecuniam
545 3247 681 3296 mutuam
694 3241 812 3309 darent,
824 3229 910 3319 φασιν
920 3240 1039 3296 intendi
1051 3239 1198 3296 sollemne
1209 3237 1314 3306 fuisse,
1328 3255 1364 3293 ex
1378 3236 1477 3292 verbis

446 3469 455 3507 ¹
474 3474 548 3522 Inter
568 3472 781 3521 adhortationem
800 3472 872 3520 illam
892 3480 918 3521 et
939 3489 1019 3522 voces
1039 3466 1081 3522 ἐὰν
1100 3472 1126 3522 δέ
1144 3490 1242 3532 τις...
1270 3471 1479 3522 intercalandum

372 3577 431 3608 esse
457 3559 557 3624 ahquid
584 3566 611 3608 et
636 3576 666 3608 ex
693 3560 803 3611 oratorIs
828 3561 916 3610 verbis
943 3564 957 3622 ξ
985 3573 1024 3624 51,
1054 3557 1140 3627 γπερί
1163 3555 1267 3610 ἕκαστον
1294 3553 1378 3610 αὐτῶν
1400 3567 1480 3608 etex

370 3647 438 3709 Iegis
466 3647 548 3712 ipsius
568 3647 715 3712 formula§
737 3658 781 3710 51,
812 3659 842 3696 10
866 3641 936 3697 καθὰ
960 3647 1012 3715 περὶ
1031 3647 1074 3712 τῆς
1093 3641 1152 3707 νεὼς
1170 3647 1211 3697 καί
1228 3647 1274 3697 τοῦ
1297 3646 1366 3697 σίτου
1385 3644 1478 3713 εἴρηται

373 3734 498 3783 efficitur.
539 3735 656 3797 Quanam
682 3751 709 3783 re
735 3743 882 3784 commotus
905 3736 937 3785 G.
957 3737 993 3787 H.
1014 3737 1172 3786 Schaeierus
1203 3735 1230 3796 (I.
1251 3733 1285 3802 c.)
1311 3728 1342 3784 τὰ
1370 3751 1477 3802 γεγραμ-

374 3821 433 3888 μένα
451 3823 483 3876 ad
503 3822 676 3886 syngrapham
695 3824 802 3881 reserat,
825 3824 889 3872 mihi
913 3839 967 3872 non
985 3824 1078 3888 liquet.

442 3905 455 3944 2
473 3905 508 3958 A.
529 3909 699 3968 Wachholtz,
715 3910 732 3958 I.
753 3927 774 3959 c.
798 3927 823 3975 p.
846 3923 878 3958 20
898 3926 936 3974 sq.

438 3993 451 4032 3
469 3997 530 4045 vide
551 3998 629 4045 etiam
649 4014 689 4050 or.
707 3999 831 4057 XXXV,
851 3999 893 4058 48.
932 3994 990 4048 ἀλλ’
1013 3995 1026 4047 ὁ
1046 3995 1203 4066 πολέμαρχος
1224 3992 1318 4060 εἰσάξει,

438 4081 451 4118 4
471 4085 512 4132 De
532 4087 665 4134 Irumento
684 4085 727 4147 agi
746 4100 800 4134 non
816 4087 842 4133 In
862 4086 983 4135 oratione
1005 4087 1063 4150 ipsa
1078 4087 1276 4150 pronunciatur,
1298 4086 1344 4134 sed
1366 4101 1396 4134 ex
1416 4093 1477 4134 toto

368 4187 455 4221 rerum
493 4186 611 4222 connexu
652 4173 706 4221 veri
747 4173 908 4222 simillimum
943 4181 993 4223 est.
1050 4174 1110 4222 vide
1148 4174 1269 4239 Hypoth.
1313 4185 1337 4234 4.
1364 4189 1403 4237 sq.
1449 4181 1477 4224 et

366 4259 402 4309 A.
424 4259 552 4310 Schaefer
570 4260 588 4309 1.
609 4276 631 4309 c.
653 4277 678 4324 p.
701 4261 760 4321 269.
