3302 4894
746 281 779 322 21

213 439 273 496 iam
302 459 394 517 supra
416 448 677 503 commemoratis:
702 439 789 506 καθὰ
815 445 880 525 περὶ
903 449 958 518 τῆς
982 440 1053 518 νεὼς
1078 446 1129 507 καὶ
1154 449 1208 508 τοῦ
1234 445 1316 509 σίτου

213 542 325 624 εἴρηται
345 537 428 610 κατὰ
446 548 549 604 ταῦτα
571 548 708 609 efficitur.

292 645 435 723 Denique
451 649 524 706 mihi
539 652 657 706 addere
675 652 764 708 liceat
785 652 864 708 hanc
878 651 1038 709 formulam
1053 653 1110 710 hac
1131 656 1161 711 in
1176 657 1315 712 oratione

213 765 276 802 non
300 749 398 804 solum
421 750 502 807 libris
526 747 625 809 Frbss
653 755 710 810 sod
736 756 827 810 etiam
854 757 964 811 codice
985 749 1012 812 Σ
1035 755 1177 814 exhiberi.
1220 756 1315 828 Quod

212 850 253 904 ad
274 852 485 907 auctoritatem
509 852 694 911 fulciendam
717 875 755 911 ne
777 859 935 930 permagni
956 859 1104 913 momenti
1126 876 1194 915 esse
1217 861 1318 915 existi·

212 969 365 1009 meremus
404 971 593 1028 magnopere
631 958 803 1012 cavendum
840 976 907 1014 esse
944 977 1013 1014 cum
1048 977 1138 1033 supra
1175 952 1317 1033 explana·

213 1057 361 1125 verimus,
399 1058 459 1112 alio
493 1058 577 1125 locu,
615 1075 669 1113 eur
689 1059 811 1133 reliquis
840 1061 961 1116 omissis
994 1060 1054 1116 hoc
1084 1079 1179 1117 unum
1206 1063 1317 1118 instru-

214 1165 351 1214 mentum
405 1159 437 1215 in
486 1167 568 1222 textu
619 1161 690 1226 cod,
739 1154 766 1217 Σ
817 1169 968 1217 retentum
1015 1180 1082 1219 esse
1121 1162 1317 1233 'censeamus

212 1261 391 1331 aperiemus,
422 1307 428 1318 .
1375 1253 1377 1258 ⁸

638 1364 888 1372 ——.-

544 1522 674 1586 PARS
695 1522 983 1587 nosranron.

306 1659 360 1720 De
381 1659 450 1721 litis
472 1647 707 1722 instrumentis
729 1660 762 1720 in
784 1660 1049 1722 Demosthenisl
1071 1661 1227 1723 oratione

487 1761 602 1841 priore
629 1763 796 1824 adversus
819 1761 1044 1842 Stephanum.

708 1917 807 1924 —--

494 2007 496 2012 '
576 2008 598 2066 Ι.
620 1993 674 2062 De
696 2008 946 2067 testimoniis

368 2142 390 2185 1.
413 2123 460 2181 De
482 2125 659 2181 testimonio
681 2128 696 2197 ξ
718 2123 746 2185 8.

282 2245 527 2307 ΜΑΡΤῬΡΙΑ.
587 2241 739 2328 Στέρανος
779 2242 962 2316 Μενεκλέους
993 2237 1165 2326 Ἀχαρνεύς,
1198 2234 1315 2314 Ἔνδιος

221 2347 383 2434 Εσιγένους
412 2339 605 2430 Λαμπτρεύς,
633 2339 755 2416 Σκύθης
779 2343 951 2429 Ἁρματέως
986 2336 1213 2416 Κυδαθηναιεὺς
1241 2366 1314 2428 μαρ-

210 2453 326 2534 τυροῦσι
356 2457 489 2530 παρεῖναι
514 2442 581 2530 πρὸς
607 2451 652 2526 τῷ
678 2437 818 2526 διαιτητῇ
847 2445 948 2526 Τειςίορ
971 2445 1120 2529 Ἀχαρνεῖ,
1139 2443 1200 2526 ίὸτε
1227 2467 1314 2527 προσ-

212 2555 336 2613 καλεῒτο
374 2547 510 2632 Φορμίων
535 2538 771 2630 Ἀπολλόδωρον,
807 2553 832 2608 εἰ
859 2541 899 2630 μή
936 2570 1019 2631 φησιν
1046 2547 1212 2634 ἀντίγραφα
1241 2544 1314 2610 εἶναι

211 2657 272 2714 τῶν
303 2644 457 2721 διαθηκῶν
494 2654 555 2711 τῶν
586 2648 741 2722 Πασίωνος
775 2646 811 2710 τὸ
850 2659 1065 2735 γραμματεῖον,
1106 2651 1121 2711 ὃ
1156 2643 1315 2730 ἐνεβάλετο

211 2754 349 2838 Φορμίων
370 2760 409 2825 εἰς
426 2747 478 2813 τὸν
499 2753 601 2834 ἐχῖνον,
622 2749 745 2835 ἀνοίγειν
764 2746 822 2822 τοὶς
842 2743 990 2823 διαθήκας
1011 2747 1068 2824 τὰς
1085 2751 1257 2833 Πασίωνος,
1279 2751 1315 2823 οἲς

211 2856 371 2939 παρείχετο
397 2851 465 2938 πρὸς
485 2848 537 2914 τὸν
559 2844 713 2922 διαιτητὴν
732 2851 858 2937 Ἀμφίας
878 2851 893 2914 ὁ
914 2853 1141 2938 Κηρισορῶντος
1161 2845 1314 2925 κηδεστής.

216 2949 430 3040 Απολλὸθωρον
454 2948 488 3018 δὲ
514 2954 567 3017 οὐκ
594 2953 711 3016 ἐθέλειν
738 2952 876 3038 ἀνοίγειν·
899 2951 972 3015 εἶναι
992 2947 1025 3016 δὲ
1050 2945 1122 3015 τάδ’
1148 2953 1314 3039 ἀντίγραφα

212 3063 271 3120 τῶν
291 3051 444 3127 διαθηκῶν
463 3062 525 3118 τῶν
546 3055 712 3136 Πασίωρος.

292 3165 339 3221 De
368 3164 458 3221 huius
485 3163 678 3220 instrumenti
707 3164 866 3235 scriptura,
888 3179 981 3236 quae,
1011 3162 1089 3230 sicut
1116 3161 1313 3235 insequentes

209 3266 300 3328 huius
331 3267 478 3323 orationis
506 3263 669 3333 formulae,
697 3264 807 3320 iisdem
827 3263 909 3320 libris
942 3280 1033 3338 supra
1069 3264 1313 3318 commemoratis

210 3364 308 3426 nou
330 3369 447 3436 nititur,
475 3367 552 3424 haec
573 3367 732 3422 monenda
758 3373 837 3421 sunt.
869 3363 906 3423 V.
928 3381 946 3438 4
975 3382 1043 3421 cum
1066 3365 1097 3420 in
1125 3363 1314 3421 editionibus

210 3464 299 3545 Τισίᾳ
328 3477 433 3540 exstet,
461 3464 489 3526 T
491 3464 579 3545 εισίορ,
615 3485 657 3524 se.
685 3485 740 3541 per
765 3466 970 3541 diphtongum
996 3468 1028 3523 in
1058 3466 1174 3541 syllaba
1204 3462 1314 3544 priore,

210 3570 441 3628 rescribendum
471 3588 628 3645 propono,
667 3571 690 3626 si
719 3570 844 3644 quidem
878 3569 957 3626 hanc
984 3569 1129 3641 optimam
1159 3567 1314 3625 scribendi

209 3673 360 3730 rationem
390 3673 480 3729 huius
510 3681 540 3729 et
575 3673 613 3728 ab
641 3673 754 3728 eodem
784 3674 875 3745 stirpe
913 3671 1120 3727 derivatorum
1154 3671 1314 3726 nominum

210 3771 304 3830 fuisse
334 3775 427 3831 titulis
455 3772 628 3833 evincitur,2
674 3773 768 3830 Porro
796 3793 823 3833 v.
854 3790 889 3830 10
917 3791 986 3829 cum
1027 3772 1108 3829 libris
1138 3771 1315 3829 exhibeatur

281 3988 290 4026 1
313 3966 389 4013 Hanc
411 3966 558 4014 orationem
580 3965 757 4014 Demostheni
777 3981 805 4013 re
824 3979 886 4013 vera
904 3962 1073 4014 tribuendam
1093 3979 1166 4023 esse,
1195 3961 1314 4012 Blassius

209 4049 228 4099 l.
252 4067 274 4102 c.
296 4069 322 4118 p.
342 4063 393 4112 412
413 4068 452 4116 sq.
474 4053 551 4103 facile
571 4053 635 4102 mihi
649 4052 789 4117 persuasit.

284 4135 353 4189 2cs.
374 4139 403 4190 C.
424 4141 445 4188 1.
466 4140 501 4189 A.
521 4142 562 4199 11,
591 4154 617 4199 r,
642 4151 688 4203 371
713 4156 737 4188 v.
758 4152 782 4202 7.
810 4167 842 4176 -
864 4137 894 4188 C.
914 4139 935 4188 Ι.
958 4137 990 4186 G,
1014 4140 1092 4196 1082;
1116 4140 1177 4188 add.
1202 4147 1264 4198 1925
1285 4152 1314 4194 n;

204 4226 277 4274 1108
296 4243 326 4288 ες
347 4228 415 4277 2266
434 4231 469 4276 A.
492 4245 515 4276 v.
536 4241 578 4290 30.

1124 4316 1163 4368 2⁸
