3302 4894
789 347 807 407 5

245 514 508 592 praestantissimo
534 511 586 570 illo
615 512 691 568 libro
718 529 782 568 non
804 511 976 582 exhibetur,
1010 532 1048 572 ne
1077 519 1151 574 tanti
1179 516 1273 574 facias
1300 535 1351 594 ca7

245 617 380 674 vendum
402 622 457 672 est.
500 613 580 670 Nam
600 614 623 670 si
647 613 818 671 orationem
840 615 879 670 de
892 632 1009 672 corona
1030 619 1219 694 respicimus,
1241 621 1272 676 in
1289 637 1351 694 qua

245 717 391 774 formulas
413 733 538 783 omneS,
574 733 750 791 quanquam
772 717 804 772 in
825 716 936 773 codice
958 711 985 774 Σ
1007 720 1178 796 ceterisque
1200 721 1350 795 leguntur,

245 819 330 876 fictas
355 836 424 876 esse
451 816 637 892 patefactum
664 825 710 873 est
736 818 824 892 sique
853 835 945 891 porro
973 819 1145 877 orationem
1172 823 1204 878 in
1233 821 1350 879 Macar·

245 929 341 978 tatum
370 921 629 994 contemplamur,
663 921 751 976 cuius
778 920 836 976 litis
869 921 1084 992 instrumenta,
1121 925 1257 997 quamvis
1286 943 1350 982 non

246 1029 364 1080 exstent
385 1022 416 1078 in
438 1021 520 1078 libris
543 1021 664 1096 optimis
688 1018 716 1080 F
728 1015 754 1078 Σ
765 1017 795 1078 Φ
807 1017 850 1091 Β,
878 1011 1014 1096 genuina
1034 1041 1104 1080 esse
1131 1025 1274 1083 effectum
1296 1035 1350 1096 est,

247 1125 392 1181 codicum
406 1123 617 1180 auctoritatem
639 1122 696 1180 hac
718 1123 749 1179 in
771 1141 803 1180 re
825 1124 995 1182 nonsnimii
1014 1126 1160 1199 ponderis
1183 1145 1251 1184 esse
1273 1146 1350 1185 con·

245 1225 393 1282 fitendum
414 1225 478 1281 erit.

331 1327 398 1386 Nec
418 1328 528 1385 mirum
548 1334 596 1384 est
617 1345 680 1384 rem
701 1328 742 1384 ita
763 1345 797 1384 se
822 1326 936 1384 habere
957 1329 1047 1385 nobis
1058 1329 1260 1386 iudicandum
1272 1349 1350 1392 esse.

245 1429 326 1487 Nam
355 1430 380 1487 si
409 1431 507 1486 modo
537 1430 703 1487 retinemus
725 1428 870 1486 formulas
898 1430 963 1487 illas
992 1430 1033 1486 ob
1061 1438 1182 1487 oratore
1208 1431 1277 1506 ipso
1304 1433 1350 1489 in-

246 1540 341 1590 sertas
368 1549 437 1590 esse
465 1531 676 1589 orationibusl
708 1539 738 1588 et
764 1537 828 1588 tum
855 1533 994 1601 demum,
1027 1549 1097 1589 cum
1123 1534 1277 1606 genuinae
1303 1534 1349 1591 vel

245 1634 303 1690 hac
326 1634 372 1691 vel
394 1633 445 1690 illa
466 1634 508 1690 de
524 1647 629 1691 ¹causa
652 1634 851 1702 excidissent,
879 1632 1033 1691 falsarium
1059 1634 1191 1709 aliquem
1213 1635 1348 1709 speciem

243 1735 431 1811 antiquitatis
460 1735 655 1792 affectantem
681 1736 728 1805 id,
766 1736 852 1810 quod
887 1737 947 1792 iam
983 1753 1048 1792 non
1078 1745 1194 1794 exstare
1221 1737 1349 1807 videret,

243 1839 284 1894 de
312 1855 369 1894 suo
398 1836 513 1911 fingere
538 1845 570 1894 et
598 1837 737 1894 ementiri
770 1838 940 1903 studuisse,
974 1837 1062 1894 facile
1093 1838 1277 1912 intellegitur
1303 1840 1349 1896 vel

243 1941 376 2014 optimos
406 1939 498 1995 libros
529 1939 640 1997 talibus
663 1940 844 1995 commentis
866 1940 1009 1997 inanibus
1030 1940 1182 2014 inquinari
1202 1943 1350 2014 potuisse,
1395 1939 1397 1942 ’

243 2060 313 2098 cum
342 2049 449 2099 contra
484 2042 517 2096 in
551 2042 712 2098 codicibus
741 2042 921 2116 ceteroquin
953 2042 1054 2099 minus
1081 2041 1171 2099 bonis
1202 2042 1350 2102 formulae

242 2143 312 2202 illae
347 2147 484 2218 integrae
522 2151 614 2221 atque
645 2143 840 2217 incorruptae
875 2160 929 2217 per
964 2143 1129 2200 decursum
1155 2145 1350 2203 saeculorum

243 2267 316 2307 casu
337 2265 436 2322 usque
458 2247 499 2303 ad
521 2245 601 2303 hanc
622 2253 753 2302 aetatem
774 2253 1023 2320 propagarentur.

324 2349 390 2427 Jam
413 2349 564 2421 codicum
581 2348 713 2404 lectione
740 2347 872 2406 stabilita
892 2348 1069 2406 testimonia
1090 2350 1261 2422 accuratius
1281 2367 1351 2424 per·

242 2455 427 2528 pendamus.
477 2449 590 2508 Orator
621 2468 692 2507 curn
719 2455 734 2525 ξ
760 2467 778 2527 9
806 2451 945 2508 dixisset:
980 2444 1060 2531 Λέγε
1087 2441 1142 2516 τὴν
1170 2443 1349 2532 συγγραφὴν,

244 2545 311 2611 εἷτα
324 2546 381 2622 τὰς
391 2549 560 2632 μαρτυρίας,
580 2554 659 2610 lecta
672 2552 851 2628 syngrapha.
863 2553 976 2610 verbis:
997 2546 1069 2633 λέγε
1081 2540 1118 2617 δὴ
1128 2547 1177 2609 καῖ
1201 2545 1259 2622 τὰς
1276 2572 1350 2635 μαρ-

240 2653 342 2734 τυρίας
364 2675 396 2714 se
419 2657 461 2712 ad
484 2656 616 2712 scribam
643 2657 799 2712 convertit.
841 2654 915 2712 Post
941 2654 1018 2711 haec
1044 2655 1150 2725 verba,
1173 2674 1349 2732 quanquam

242 2777 336 2816 unum
364 2759 583 2815 tantummodo
612 2758 822 2816 testimonium
850 2758 972 2832 legitur,
1006 2757 1152 2832 scriptum
1176 2759 1350 2817 invenimus

243 2861 353 2918 lemma
375 2854 615 2919 ΜΑΡΤΤΡΙΑΙ
640 2868 670 2916 et
695 2858 780 2917 haud
801 2861 843 2916 ita
863 2859 959 2915 multo
981 2867 1052 2932 post
1072 2863 1087 2933 ᾗ
1110 2858 1204 2932 14,8.2
1245 2855 1350 2918 ΜΑΡ-

244 2958 271 3021 T
274 2958 394 3035 TPtA,
416 2981 486 3020 cum
508 2973 561 3019 aut
582 2964 683 3036 priore
704 2962 919 3018 tantummodo
943 2961 1012 3018 ioco
1033 2955 1275 3019 ΜΑΡΤῬΡΙΑΙ
1298 2970 1351 3019 aut

242 3074 374 3141 utroque
397 3065 467 3122 loco
491 3051 717 3122 MAPTTPIA
740 3065 963 3121 desideremus,

321 3168 392 3240 Qua
413 3168 444 3224 in
467 3185 498 3224 re
521 3185 585 3224 non
606 3174 766 3240 tantopere
788 3183 857 3222 cum
870 3165 1103 3222 Westermanno
1121 3164 1346 3222 offendendum

242 3289 309 3329 esse
332 3270 481 3338 existim0‚
504 3287 574 3326 cum
596 3269 756 3344 quomodo
779 3267 839 3324 hoc
861 3266 974 3324 sactum
996 3267 1043 3330 sit,
1067 3286 1131 3324 non
1149 3275 1211 3323 tam
1224 3264 1348 3323 difficile

242 3373 279 3428 sit
305 3373 346 3427 ad
375 3372 626 3446 intellegendum.
670 3370 742 3427 Sine
770 3371 867 3427 dubio
895 3371 977 3427 enirn
1003 3369 1086 3443 prius
1114 3369 1226 3426 lemma
1244 3363 1349 3427 ΜΑΡ-

242 3468 393 3530 ΤΤΡΙΑΙ
415 3474 455 3530 ad
474 3482 635 3548 utrumque
650 3473 808 3548 spectabat
822 3468 1068 3542 testimonium;3
1089 3472 1146 3528 sed
1169 3490 1238 3529 cum
1260 3480 1350 3529 tenor

241 3574 448 3648 legendorum
479 3575 723 3632 testimoniorum
758 3574 972 3632 adhortatione
1006 3573 1057 3630 itta
1093 3573 1224 3631 oratoris
1258 3570 1349 3650 (ιαμ)

234 3671 312 3757 ’λέγε
337 3711 371 3719 -
394 3673 556 3756 μαρτυρίαν
575 3677 761 3751 interruptus
784 3684 879 3746 esset,
907 3676 1060 3745 librariuS,
1086 3693 1178 3751 quem
1204 3676 1348 3733 omnibus

246 3839 282 3846 ——

315 3943 322 3981 ¹
342 3949 387 4013 Jo.
409 3947 486 3997 Gust'.
508 3948 631 4014 Droysen
648 3946 666 3997 l.
687 3963 709 3996 c.
730 3964 756 4012 p.
778 3959 837 4011 539.

313 4031 326 4070 2
343 4035 487 4098 Intelleges
506 4035 549 4084 hic
569 4045 595 4084 et
615 4035 742 4100 deinceps
762 4051 885 4084 numeros
906 4035 1063 4100 exemplaris
1082 4035 1245 4084 Turicensis.

309 4119 502 4172 ³Accuratius
531 4123 632 4172 oratori
660 4122 801 4171 dicendum
829 4137 886 4172 erat
914 4124 940 4172 in
968 4123 1058 4189 priore
1083 4121 1270 4172 adhortatione
1301 4121 1348 4169 iila

241 4206 295 4273 λέγε
314 4201 344 4274 δὴ
364 4207 404 4259 καὶ
424 4201 467 4268 τὰς
486 4209 616 4277 μαρτυρίας
634 4206 674 4259 κα1
693 4208 791 4276 πρῶτον
809 4203 854 4274 τὴν
873 4204 964 4260 τούτου
983 4206 1031 4279 παῤ
1049 4197 1188 4277 ᾧκεῖταιή
1209 4201 1346 4278 συγγραφή,

239 4311 292 4363 quo
312 4298 394 4362 magis
414 4297 550 4366 posterior
568 4297 721 4348 adhortatio
741 4298 878 4366 probetur.
917 4295 962 4364 (cs.
983 4298 998 4367 g
1017 4301 1074 4363 33.)-
