3302 4894
737 333 768 374 11

199 497 367 552 coniuncta
396 513 466 552 curn
492 497 529 552 iis
558 514 637 570 quae
665 498 869 564 antecedunt,
901 498 1025 556 adiecta
1052 501 1090 555 sit
1121 503 1303 558 testimoniis

202 615 324 666 eorum,
352 599 403 672 qui
424 588 476 654 eh
498 603 560 666 τοῖς
581 594 807 678 ἐκμαρτυροῡσιν
831 599 862 654 in
892 617 955 655 una
977 618 1060 658 ¹nave
1085 604 1162 658 vecti
1190 603 1301 670 erant,l

197 701 255 756 ista
275 698 451 756 Aeschinea
470 717 525 772 per
546 717 578 756 se
600 701 709 773 posita,
732 701 756 756 si
775 718 793 756 a
815 700 899 756 nullo
912 701 1159 772 confirmabatur,
1179 705 1225 760 vix
1241 707 1301 761 veri

200 802 331 875 aliquam
355 802 490 875 speciem
512 818 585 875 prae
599 820 632 858 se
650 800 726 857 ferre
743 803 851 876 potuit.
892 800 958 878 Jam
972 804 1101 878 quidde
1124 800 1303 884 ἐκμαρτυρία

199 902 442 960 Demosthenica
474 920 649 972 censerem,
692 902 820 961 fortasse
853 905 1039 961 intellectum
1073 915 1128 962 est.
1181 906 1304 964 Scilicet

194 1007 296 1079 posita
323 1013 395 1062 sunt
424 1013 495 1062 ante
518 1001 712 1085 ἐκμαρτυρίαν
738 1007 914 1062 testimonia
935 1005 1077 1064 Erasiclis
1103 1015 1134 1064 ct
1155 1007 1302 1083 Hippiao;

141 1173 152 1193 ι
195 1108 247 1182 qui
275 1108 421 1183 quoniam
453 1125 515 1163 una
542 1125 611 1164 cum
637 1109 690 1176 iis,
718 1125 849 1183 quorum
870 1105 1049 1188 ἐκμαρτυρίαι
1077 1109 1218 1180 refertur,
1245 1113 1301 1168 iter

195 1209 347 1281 fecerant,
385 1227 506 1278 norme,
546 1211 570 1266 si
601 1211 698 1266 modo
730 1210 958 1284 postulabatur,
987 1212 1028 1267 ad
1057 1213 1299 1269 confirmandam

195 1306 399 1389 ἐκμαρτυρίαν,
421 1313 446 1368 si
463 1313 625 1387 quisquam
641 1313 728 1382 alius,
750 1313 812 1385 apti
834 1311 940 1370 erant?
982 1313 1045 1370 Sed
1057 1315 1130 1388 quia
1145 1315 1301 1372 iudicibus

193 1411 278 1469 haud
310 1414 452 1486 ignotum
494 1422 558 1470 erat
590 1414 757 1473 Erasiclem
798 1423 828 1472 et
859 1415 1005 1490 Hippiam
1042 1433 1103 1472 una
1140 1435 1209 1473 cum
1243 1417 1302 1474 illis

194 1511 437 1593 ἐκμαρτυροῦσιν,
466 1518 518 1590 qui
552 1518 613 1573 iam
641 1525 706 1574 tum
733 1520 839 1575 denuo
870 1517 999 1575 fortasse
1026 1519 1134 1575 itinere
1162 1520 1300 1593 impediti
1360 1541 1361 1546 ¹

194 1618 336 1700 nonkipsi
359 1618 389 1672 in
411 1617 560 1675 iudicium
583 1621 685 1676 venire
707 1629 843 1693 possent,
866 1637 920 1693 per
943 1620 1069 1694 longum
1085 1630 1205 1695 tempus
1219 1623 1325 1698 navi.

193 1735 302 1791 gasse,
331 1735 595 1792 supervacaneum
623 1735 697 1774 sane
722 1718 882 1774 videbatur
902 1713 1097 1798 ἐκμαρτυρίαν
1126 1737 1144 1775 a
1171 1720 1300 1776 testibus

194 1821 321 1890 firmari,
352 1821 384 1876 id
406 1830 453 1877 est
474 1829 594 1896 tempus
616 1822 648 1876 in
668 1839 701 1876 re
723 1830 835 1889 terere,
863 1838 942 1895 quae
964 1822 1038 1896 quin
1059 1821 1101 1878 ita
1122 1839 1154 1877 se
1175 1821 1301 1879 haberet

192 1923 309 1979 nemini
329 1923 459 1979 dubium
481 1941 549 1980 csse
570 1930 697 1996 poterat.
740 1919 885 1978 Ceterum
907 1940 962 1997 per
981 1931 1102 1997 tempus
1125 1917 1300 2000 ἀνακρίσεως

192 2022 328 2100 Hippiae
354 2033 385 2080 et
406 2023 547 2081 Erasiclis
575 2025 784 2080 testimonium
817 2025 858 2080 ad
892 2023 1074 2081 firmandam
1105 2022 1300 2104 ἐκμαρτυρίαν

190 2126 377 2201 postulatam
399 2144 468 2183 esse
489 2127 693 2182 iudicandum
713 2127 783 2195 erit;
805 2126 892 2201 quod
914 2144 984 2182 cum
1005 2128 1103 2193 indoli
1121 2136 1152 2184 et
1171 2129 1299 2202 ingenio

190 2229 378 2285 iudiciorum
415 2229 583 2284 Atticorum
616 2238 861 2284 cousentaneum
894 2236 956 2298 est,
993 2237 1057 2284 tum
1092 2229 1298 2287 Schoemanni

191 2331 373 2386 auctoritate
394 2332 554 2400 evincitur;
574 2350 611 2387 ex
633 2331 731 2388 verbis
753 2332 880 2405 quidem
899 2329 988 2388 eius‘l
1009 2375 1045 2401 ‚‚.
1067 2375 1073 2388 .
1094 2376 1101 2388 .
1126 2335 1190 2389 und
1213 2334 1299 2390 diese

192 2441 332 2494 mussten
354 2433 492 2490 dieselbe
515 2425 581 2510 (τὴν
602 2429 808 2511 ἐκμαρτυρίαν)
829 2453 910 2490 wenn
931 2435 970 2490 sie
991 2452 1025 2490 zu
1047 2435 1097 2490 den
1109 2435 1194 2491 Acten
1209 2437 1303 2510 gelegt

193 2537 287 2604 ward,
309 2533 434 2609 zugler'ch
453 2535 549 2592 durch
571 2535 787 2610 ihrZeugniss
810 2537 883 2592 dass
901 2538 943 2593 sie
957 2536 1087 2593 wirhlich
1110 2532 1155 2606 so,
1177 2539 1231 2594 wie
1256 2539 1299 2594 sie

193 2637 392 2710 beigebracht
413 2639 539 2693 worden
560 2655 635 2707 war,
656 2639 688 2694 in
706 2637 786 2694 ihrer
808 2637 991 2712 Gegenwart
1009 2639 1152 2712 abgelegt
1173 2640 1301 2696 worden

191 2739 247 2807 sei,
269 2737 481 2814 behrhftigen“
503 2739 563 2798 hoc
585 2740 794 2814 colligendum
816 2759 885 2798 esse
908 2742 1035 2802 videtur.

343 2913 369 2972 3.
390 2896 439 2954 De
460 2899 638 2954 testimonio
659 2900 674 2970 θ
694 2914 742 2972 23.

276 3014 511 3096 ΜΑΡΤΤΡΙΑ.
555 3013 686 3098 ’Ἄρατος
714 3014 965 3102 Ἀλικαρνασσεὺς
996 3028 1137 3102 μαρτυρεῖ
1168 3010 1301 3090 δανεῖσαι

191 3109 413 3200 Ἀπολλοδώρῳ
435 3109 538 3180 ἕνδεκα
560 3123 634 3199 μνᾶς
655 3119 704 3180 ἐπὶ
722 3121 761 3199 τῇ
783 3118 915 3201 ἐμπορία,
936 3119 971 3188 ἦν
989 3112 1060 3203 ἦγεν
1079 3120 1108 3180 ἐν
1136 3125 1167 3198 τῇ
1180 3118 1300 3198 Ὑβλη-

189 3217 253 3279 σίου
272 3219 317 3288 νηὶ
338 3225 377 3290 εἰς
397 3214 449 3280 τὸν
466 3213 591 3296 Πόντον,
613 3220 664 3280 καὶ
685 3229 747 3292 τοῖς
765 3221 880 3282 ἐκεῖθεν
900 3218 1163 3304 ἀνταγορασθεῖσι,
1185 3222 1236 3284 καὶ
1257 3219 1298 3304 μὴ

191 3311 299 3381 εἰδέναι
325 3316 416 3381 αὐτὸν
445 3312 664 3404 δεδανεισμένον
691 3317 772 3406 παρὰ
791 3313 1001 3406 Ἀνδροκλέους
1028 3317 1167 3407 ἀργύριον·
1188 3321 1221 3384 οὐ
1242 3319 1300 3408 γὰρ

195 3415 230 3483 οἷν
251 3412 383 3484 δανεῖσαι
405 3417 495 3495 αὐτὸς
514 3414 738 3505 Ἀπολλοδώρῳ
758 3419 795 3484 τί)
817 3417 956 3508 ἀργύριον.

274 3527 389 3586 Contra
420 3529 648 3603 stipulationem
682 3531 713 3586 in
749 3530 921 3605 syngrapha
952 3530 1064 3587 saetam
1090 3531 1300 3604 Apollodorus

191 3638 222 3686 et
242 3631 367 3687 Artemo
405 3648 523 3688 merces
557 3632 589 3687 in
626 3649 736 3688 navem
765 3633 971 3706 imponendas
998 3633 1090 3689 etiarn
1117 3632 1299 3690 adulescen-

183 3731 256 3803 tulo
279 3732 403 3788 cuidam
424 3732 518 3788 Arato
541 3732 732 3808 hypothecae
757 3735 882 3792 nomine
905 3735 1085 3808 obligarent,
1108 3735 1194 3810 quod
1216 3738 1300 3792 testi-

192 3835 298 3890 monio
320 3844 562 3892 commemorato
585 3835 693 3892 firmari
715 3838 865 3896 videmus,

277 3934 374 4006 Quod
398 3953 468 3993 cum
488 3937 598 3994 ordine
621 3938 756 4012 legitimo
779 3941 922 3996 recitetur
936 3957 972 3995 ac
994 3957 1033 3996 ne
1049 3932 1300 3998 Westerrnannus

264 4191 274 4230 l
292 4197 353 4245 vide
372 4196 389 4262 ξ
410 4208 476 4257 19‚9.
515 4195 565 4245 τῶν
583 4190 765 4260 συμπλεόντων.

264 4278 381 4337 ²Meier
402 4285 454 4336 und
474 4284 579 4338 Schdm.
618 4285 677 4333 Att.
698 4286 742 4334 Pr.
763 4302 790 4356 p.
814 4288 873 4354 670.
