3302 4894
903 304 941 348 20

369 473 461 530 verba
496 480 696 548 sequerentur
726 472 801 528 Inde
832 471 870 528 ab
901 462 1032 553 ἀργύριον
1060 506 1096 516 -
1123 460 1287 545 Ἀθήναζε,
1315 481 1378 530 tum
1406 481 1479 549 post

372 553 623 631 adhortationem
640 575 768 629 oratorIs
790 575 935 630 insertam
952 575 1147 643 indicaretur,
1169 576 1314 650 quidnam
1338 577 1477 650 supplicii

371 677 411 732 de
441 693 480 732 eo
510 676 697 731 sumendum
731 683 828 743 esset,
860 677 911 750 qui
934 684 1040 733 contra
1061 678 1191 750 priorem
1213 677 1311 750 Iegem
1338 675 1478 745 faceret,¹

370 777 456 852 quod
484 777 618 851 denique
646 776 744 833 verbis
776 777 850 833 inde
872 777 910 832 ab
935 765 1043 835 ἐὰνδὲ
1065 764 1255 856 -μηδεμία
1279 779 1476 852 exciperetur.

450 879 514 934 Iam
537 880 561 934 si
589 879 630 934 de
657 880 836 935 auctoritate
858 879 932 956 legis
954 881 1137 955 quaerimus,
1160 897 1261 954 neque
1282 886 1389 935 contra
1414 897 1477 936 ser-

368 998 493 1038 monem
515 996 616 1054 neque
641 988 747 1036 contra
769 998 816 1036 res
837 981 919 1054 ipsas
939 990 985 1037 est
1006 982 1092 1056 quod
1113 998 1305 1042 moneamus.

450 1081 556 1138 Sermo
578 1081 668 1154 plane
690 1083 857 1155 respondet
878 1083 1011 1138 sermoni
1040 1084 1141 1156 legum
1163 1081 1301 1150 SoloniS,
1332 1099 1411 1157 quae
1437 1083 1470 1138 in

370 1185 511 1240 oratione
534 1183 566 1257 in
593 1181 794 1239 Macartatum
824 1182 968 1241 exstant‘2
1016 1185 1065 1240 Ad
1093 1184 1185 1240 verba
1210 1185 1242 1240 in
1268 1183 1367 1240 fronte
1396 1181 1471 1256 legis

369 1283 483 1360 posita:
506 1273 637 1364 ἀργύριον
658 1271 753 1362 δὲμὴ
776 1273 882 1354 ἐξεῖναι
908 1271 1042 1342 ἐκδοῦναι
1067 1285 1259 1342 conterenda
1288 1294 1360 1342 sunt
1384 1285 1476 1340 verba

370 1388 445 1460 legis
468 1388 500 1442 in
524 1393 598 1443 orat.
620 1384 728 1455 XLIII,
751 1385 799 1455 62,
826 1403 873 1444 10:
895 1393 1023 1467 γυναῖκα
1045 1377 1079 1445 δὲ
1099 1379 1141 1467 μὴ
1160 1380 1266 1459 ἐξεῖναι
1280 1383 1411 1456 stativam
1433 1385 1474 1441 ad

369 1489 473 1544 verba:
501 1479 574 1544 εἶναι
601 1532 607 1544 .
636 1533 642 1544 .
673 1532 679 1545 .
711 1480 779 1567 πρὸς
803 1475 876 1557 Ὶτοὺς
904 1481 1087 1567 ἐπιμελητάς
1116 1490 1308 1547 conferenda
1338 1491 1370 1545 in
1399 1495 1474 1544 orat.

369 1589 476 1655 XLIII,
490 1603 536 1662 7.r‚
554 1606 602 1663 13:
624 1581 681 1658 τὰς
698 1577 732 1648 δὲ
748 1576 831 1658 δίκας
853 1581 925 1648 εἶναι
945 1588 1009 1668 περὶ
1020 1582 1137 1649 τούτων
1149 1584 1216 1672 πρὸς
1232 1582 1300 1660 τοὺς
1314 1584 1473 1670 ἄρχοντας

369 1693 410 1747 ad
443 1693 549 1748 verba:
585 1679 661 1770 μηδὲ
694 1687 771 1771 ἀρχὴ
803 1688 952 1773 εἰσαγέτω
976 1689 1040 1771 περὶ
1065 1683 1174 1751 τούτου
1195 1681 1324 1772 μηδεμία
1348 1693 1380 1748 in
1400 1698 1474 1750 orat.

368 1792 477 1863 LXIII,
510 1807 557 1867 75,
603 1809 637 1866 14
681 1795 784 1850 verba:
828 1790 1016 1875 εἰςαγαγέτω
1054 1795 1093 1863 εἰς
1134 1788 1189 1860 τὴν
1227 1789 1347 1861 ἡλιαίαν
1377 1793 1430 1870 (sc.
1457 1788 1473 1850 ὁ

369 1886 505 1974 ripparii).3

449 1996 545 2067 Quod
566 1997 673 2052 attInet
695 1999 971 2072 adargumentum
991 2000 1092 2072 ipsum
1116 2000 1207 2073 legin,
1238 2017 1300 2068 τοο,
1322 2015 1398 2073 quas
1415 2005 1476 2053 ter-

370 2099 478 2154 mInari
500 2099 654 2168 videmuS,
681 2118 806 2175 prorsus
827 2119 927 2156 rerum
957 2109 1083 2156 naturae
1106 2101 1326 2166 accomodatas
1347 2117 1416 2156 esse
1437 2117 1475 2155 ex

371 2207 445 2276 orat.
487 2198 576 2258 Dem.
607 2198 706 2256 LVIII
735 2199 766 2254 in
794 2197 1007 2266 Theocrinem.
1028 2198 1131 2257 habita
1159 2199 1321 2255 discimus?
1349 2197 1385 2253 In
1414 2215 1475 2271 qua

369 2319 439 2357 cum
462 2303 657 2370 ostendatur,
679 2299 885 2356 Theocrinem
908 2299 1025 2356 Miconi
1053 2301 1175 2356 cuidam
1197 2289 1283 2380 φάσιν
1303 2300 1475 2356 intendisse

368 2401 394 2478 (ξ
414 2419 432 2477 q
456 2394 547 2461 αὐτὸν
567 2395 619 2460 τὸν
640 2391 783 2470 Μίκωνα,Ι
798 2390 831 2458 οὗ
850 2401 934 2484 ἔφηνε
955 2393 992 2462 τὸ
1020 2399 1147 2479 πλοῖον),
1174 2404 1321 2477 quoniam
1349 2419 1414 2457 non
1441 2403 1474 2456 in

369 2505 557 2561 Athenarum
578 2506 747 2579 emporium
770 2499 975 2598 frumentum?
997 2505 1219 2578 Importavisset
1236 2506 1264 2576 (ξ
1282 2509 1329 2577 12)
1348 2521 1474 2577 remque

370 2608 455 2680 apud
475 2598 544 2674 τοὺς
567 2597 751 2684 ἐπιμελητὰς
777 2597 832 2663 τοὺ
856 2601 992 2684 ἐμπορίου
1021 2612 1119 2662 actam
1147 2623 1215 2662 esse
1238 2607 1349 2680 apertis
1375 2605 1474 2662 verbis

368 2709 522 2764 indicetur
544 2709 570 2784 (ᾗ
592 2707 609 2766 8
631 2699 747 2773 ταύτην
768 2700 823 2773 τὴν
844 2698 939 2789 φασιν,
961 2696 985 2764 ὦ
1008 2695 1107 2785 ἄνδρες
1128 2694 1281 2777 δικασταί,
1308 2694 1400 2763 ἔδωκε
1421 2700 1475 2783 μὲν

367 2802 467 2865 οὑτοσί
488 2804 612 2887 (Θεοκρ.)
635 2799 907 2889 προοααλεσοίμενος
935 2801 987 2866 τὸν
1009 2805 1147 2880 Μίκωνα,
1177 2807 1268 2885 ἔλαβε
1288 2796 1314 2865 δ’
1337 2801 1353 2865 ὁ
1378 2824 1473 2888 γραμ-

366 2901 479 2989 ματεὺς
492 2905 507 2968 ὁ
521 2911 582 2968 τῶν
592 2911 647 2968 τοῦ
659 2907 794 2991 ἐμπορίου
811 2909 1002 2990 ἐπιμελετῶν,
1024 2901 1227 2992 Εὐθύφημος),
1248 2911 1325 2966 haec
1338 2911 1370 2966 in
1381 2910 1474 2965 verba

365 3013 441 3086 legis
459 3015 572 3088 optime
587 3015 748 3088 quadrant.
770 3013 849 3070 Nam
864 3030 927 3069 non
940 3015 1041 3069 minus
1056 3013 1123 3080 illis,
1146 3015 1197 3088 qui
1217 3015 1247 3069 in
1265 3013 1351 3069 aliud
1367 3028 1472 3086 empo-

364 3115 441 3170 rium
457 3122 548 3188 atque
563 3114 796 3184 Atheniensium
810 3115 996 3172 frumentum
1009 3123 1209 3189 asportarent,
1226 3131 1317 3189 quam
1332 3113 1398 3180 illis,
1419 3113 1472 3187 qui

364 3218 526 3289 pecuniam
539 3225 675 3274 mutuam
688 3220 807 3286 darent,
818 3207 904 3297 φασιν
914 3219 1033 3274 Intendi
1044 3218 1192 3274 sollemne
1204 3215 1307 3284 InIsse,
1322 3233 1358 3270 ex
1371 3214 1470 3270 verbis

440 3447 449 3485 ¹
468 3452 543 3500 Inter
562 3451 775 3500 adhortationem
795 3450 866 3498 illam
885 3458 912 3500 et
933 3467 1013 3500 voces
1032 3443 1074 3500 ἐὰν
1094 3449 1120 3500 δέ
1137 3468 1235 3509 τις...
1264 3449 1472 3499 intercalandurn

366 3554 424 3588 esse
451 3538 550 3603 aliquid
578 3544 605 3586 et
630 3555 660 3587 ex
687 3538 797 3589 oratoris
823 3539 910 3587 verbis
937 3542 951 3600 ξ
978 3551 1018 3601 51,
1048 3535 1134 3604 Jaepi
1157 3532 1261 3588 ἑκάστου
1288 3529 1371 3587 αὐτῶν
1394 3546 1473 3586 etex

364 3625 431 3687 legis
460 3625 541 3689 ipsius
562 3624 674 3674 formula
693 3626 709 3691 ξ
731 3637 776 3688 51,
806 3638 837 3674 10
860 3619 930 3675 καθα
954 3624 1006 3692 περὶ
1025 3624 1068 3690 τῆς
1086 3618 1146 3684 νεὼς
1163 3624 1204 3675 καί
1222 3624 1267 3674 τοῦ
1290 3617 1360 3674 σίτου
1380 3622 1471 3692 εἴρηται

367 3712 492 3761 efficitur.
533 3713 651 3776 Quanam
676 3730 703 3762 re
729 3721 876 3762 commotus
899 3714 931 3763 G.
951 3714 986 3762 H.
1008 3714 1166 3763 Schneierus
1197 3713 1223 3774 (ί.
1245 3710 1279 3779 c.)
1304 3705 1335 3762 τὰ
1364 3729 1471 3779 γεγραμ-

368 3799 427 3866 μένα
445 3801 477 3854 ad
497 3801 670 3866 syngrapham
690 3802 796 3858 referat,
819 3802 883 3850 mihi
907 3817 961 3850 non
979 3801 1072 3866 liquet.

436 3883 449 3922 2
467 3879 503 3935 A
523 3888 693 3946 Wachholtz‚
710 3888 727 3937 l.
747 3905 768 3936 c.
792 3905 817 3953 p.
840 3901 872 3936 20
892 3904 930 3952 sq.

433 3971 524 4024 3vide
545 3977 624 4023 etiam
643 3992 683 4028 or.
702 3977 825 4035 XXXV,
845 3977 887 4036 48.
926 3972 984 4025 ἀλλ’
1007 3973 1020 4025 ὁ
1040 3973 1197 4044 πολέμαρχος
1218 3971 1312 4037 εἰσάξει,

432 4058 446 4096 4
465 4063 506 4110 De
527 4065 659 4112 frumento
679 4063 721 4125 agi
740 4065 836 4112 nonin
856 4064 977 4113 oratione
999 4064 1057 4128 ipsa
1072 4065 1270 4129 pronunciatur,
1291 4063 1338 4111 sed
1360 4079 1390 4112 ex
1410 4069 1469 4112 toto

363 4166 449 4199 rerum
488 4163 605 4200 connexu
646 4151 701 4199 veri
741 4151 902 4200 simillimum
937 4158 987 4200 est.
1044 4152 1104 4200 vide
1142 4151 1263 4216 Hypoth.
1307 4163 1331 4210 4.
1358 4166 1396 4215 sq.
1442 4159 1469 4201 et

360 4237 397 4287 A.
418 4237 546 4288 Schaeser
564 4238 582 4287 l.
603 4254 625 4287 c.
648 4255 673 4303 p.
695 4240 754 4299 269.
1277 4252 1278 4255 ’
