3302 4894
852 283 887 344 32

323 449 407 506 videt
435 457 465 506 et
492 449 553 506 hoc
584 457 614 506 et
641 451 727 525 quod
760 451 897 526 sequitur
923 449 1132 506 testimonium
1166 450 1204 506 ab
1232 449 1424 524 Apollodoro

326 551 397 607 licta
418 549 506 608 esse?
547 535 663 608 Nt'itum
686 553 768 608 enim
799 559 829 608 et
849 553 950 608 tritum
978 558 1041 607 erat
1067 552 1226 607 artificium
1247 553 1279 607 in
1303 552 1427 608 iudiciis

321 651 453 721 Atticis,1
465 660 609 724 actorem,
632 655 759 712 testibus
773 654 997 722 deficientibus
1019 671 1082 710 rem
1104 653 1235 728 aliquam
1247 653 1423 710 testimonio

322 755 412 811 allato
436 773 490 828 pro
514 764 597 810 certo
617 755 765 812 affirmare
788 756 910 812 solitum
932 773 1001 812 esse
1031 763 1062 810 et
1082 757 1218 828 quamvis
1244 755 1333 810 sciret
1356 754 1424 810 illos

322 875 389 913 esse
412 859 562 913 iuraturos
585 876 648 914 rem
670 860 797 914 nonita
819 876 851 914 se
874 857 996 926 habere,
1019 865 1123 914 tamen
1148 857 1247 912 verbis
1274 857 1423 930 speciosis

323 966 353 1014 et
381 957 549 1032 captiosis2
579 977 643 1014 rem
675 961 716 1016 ita
745 961 829 1034 apud
859 960 980 1015 iudices
1010 947 1215 1024 conformare,
1244 967 1277 1014 ut
1303 959 1424 1015 animos

320 1061 440 1116 illorum
470 1061 527 1117 sibi
561 1062 745 1119 conciliaret.
802 1062 866 1118 Iam
901 1061 1110 1135 Apollodorus
1142 1077 1211 1116 cum
1241 1061 1299 1134 ipsi
1330 1079 1422 1116 nemo

321 1162 419 1231 fuerit,
440 1163 573 1236 quirem
596 1166 611 1234 ἓ
635 1177 671 1237 57
696 1171 1038 1238 sq.·commemoratam
1064 1179 1205 1237 -quae
1227 1179 1300 1218 num
1324 1163 1366 1218 ita
1389 1179 1422 1218 se

320 1283 350 1320 re
377 1282 447 1320 vera
479 1263 618 1321 babuerit
653 1265 848 1322 vehementer
881 1267 989 1323 dubito
1017 1297 1056 1307 -
1081 1271 1256 1333 testaretur,
1291 1280 1352 1338 qua
1377 1270 1423 1318 est

319 1366 450 1422 audacia
479 1373 508 1421 et
534 1367 734 1442 impudentia,
762 1377 794 1424 ut
817 1369 932 1426 scilicet
952 1385 1000 1425 res
1022 1386 1060 1424 eo
1082 1368 1179 1442 magis
1201 1367 1335 1440 speciem
1361 1365 1423 1421 veri

319 1486 393 1542 prae
415 1486 447 1524 se
471 1466 547 1524 ferre
569 1469 721 1540 videatur,
751 1487 851 1545 aequo
873 1471 976 1526 animo
1006 1469 1168 1526 contendit
1194 1469 1277 1542 ipsos
1305 1467 1422 1523 amicos

319 1569 511 1625 Phormionis
524 1569 581 1643 ipsi
594 1577 687 1626 testes
707 1562 857 1624 adluisse!
881 1567 942 1639 Qui
953 1567 1103 1642 profectO,
1127 1568 1151 1624 si
1167 1566 1261 1623 semel
1271 1565 1422 1621 mentien-

320 1673 395 1728 dum
415 1672 472 1745 ipsi
493 1680 569 1741 erat,
598 1680 699 1728 utrum
731 1672 830 1727 maius
855 1689 896 1727 an
922 1672 1023 1727 minus
1049 1669 1247 1726 mendacium
1273 1667 1422 1742 proferret

278 1811 279 1814 η
317 1772 391 1829 nihil
413 1774 562 1856 interesse
582 1773 830 1833 ratiocinabatur.

397 1873 495 1930 Etiam
517 1875 559 1944 id,
579 1875 665 1948 quod
686 1874 753 1948 ipso
776 1875 827 1930 die
849 1875 960 1931 arbitrii
983 1871 1062 1952 (§6o
1079 1867 1131 1931 ὅτε
1151 1861 1185 1938 ἦν
1208 1861 1354 1954 ἀπόφασις
1367 1870 1421 1938 τῆς

317 1963 442 2054 διαίτης)
476 1984 584 2072 εεεεεες
603 1978 643 2032 ad
676 1977 888 2032 iusiurandum
918 1976 1122 2049 adigebantur
1145 1983 1176 2031 et
1208 1974 1421 2056 audiebantur,

317 2081 402 2153 quod
446 2097 480 2134 ex
519 2082 534 2151 ξ
561 2077 598 2152 58
634 2078 843 2147 concluditur,
885 2078 1120 2135 Westennanno
1161 2075 1327 2133 offensioni
1352 2080 1421 2149 est.

319 2181 415 2252 Quod
430 2180 558 2238 Athenis
579 2179 663 2236 baud
685 2181 859 2236 inauditum
881 2179 974 2238 fuisse
988 2181 1165 2255 quoniama
1183 2173 1422 2236 Schoemann03

319 2281 505 2356 patefactum
527 2291 581 2353 est,
604 2283 743 2356 exemplo
765 2301 802 2338 ex
824 2301 867 2342 or.
882 2281 987 2352 XLIX,
1013 2299 1047 2358 19
1065 2279 1181 2352 allato,4
1202 2299 1256 2338 cur
1276 2296 1340 2336 non
1361 2278 1422 2334 hoc

316 2385 386 2441 loco
404 2385 520 2459 aliquid
542 2385 639 2442 simile
662 2384 774 2441 factum
796 2403 864 2442 esse
887 2385 1090 2455 censebimus,
1112 2402 1166 2441 cur
1188 2402 1252 2454 non
1273 2383 1322 2439 hic
1343 2399 1421 2457 quo·

316 2505 375 2561 que
397 2493 505 2543 testem
527 2486 610 2542 illum
631 2486 678 2543 vel
706 2486 762 2543 hac
784 2487 831 2544 vel
859 2487 910 2544 illa
931 2488 971 2544 de
1001 2505 1109 2570 causa,
1143 2486 1309 2562 quominus
1337 2485 1420 2558 prius

316 2606 407 2662 quam
429 2589 496 2662 ipso
519 2589 633 2644 arbitrii
653 2589 705 2644 die
728 2589 811 2663 apud
824 2589 968 2645 arbitrum
982 2597 1104 2663 praesto
1128 2595 1218 2658 esset,
1239 2585 1419 2660 impeditum

315 2708 386 2746 esse
408 2688 631 2748 iudicabimus?
673 2688 815 2747 Ceterum
838 2691 1044 2764 reputandum
1066 2699 1120 2759 est,
1141 2689 1226 2765 quod
1247 2689 1307 2744 iam
1329 2704 1421 2761 supra

307 2771 422 2865 paucis
449 2792 546 2866 attigi,
581 2793 642 2848 veri
674 2809 742 2848 esse
771 2792 954 2848 simillimum
986 2799 1080 2848 totam
1107 2792 1188 2848 illam
1217 2790 1350 2848 fabulam
1379 2789 1419 2844 de

315 2903 454 2968 surrepto
481 2894 658 2950 testimonio
677 2895 716 2950 ab
738 2894 930 2968 Apollodoro
964 2894 1063 2950 fictam
1093 2912 1163 2951 esse
1185 2900 1277 2968 atque
1301 2892 1339 2948 ab
1362 2892 1419 2960 isto

316 2996 407 3052 verba
428 2995 479 3051 illa
505 2999 520 3068 ξ
541 2995 593 3070 58:
619 2986 688 3076 πρὸς
713 2991 873 3076 μαρτυρίαν
893 2987 969 3068 τινά,
990 2993 1024 3052 ἵν’
1048 2985 1251 3076 ἐξορκώσαιμι,
1274 2983 1422 3052 ἀναστάν-

313 3116 364 3166 τος
394 3093 466 3174 ἐμοῦ
493 3098 725 3155 inconsiderate
757 3099 912 3172 nullaque·
931 3081 1165 3155 ratiocinatione
1198 3097 1278 3155 facta
1313 3096 1420 3152 addita

316 3217 394 3269 esse,
417 3206 449 3255 ut
470 3200 597 3256 omnino
620 3201 780 3276 quomodo
802 3200 913 3256 lurtum
935 3201 1010 3257 illud
1032 3201 1095 3257 lieri
1117 3207 1237 3274 posset,
1265 3199 1419 3255 iudicibus

313 3302 533 3375 explanaretur.
1210 3315 1212 3319 ·

385 3593 473 3646 1ιιι.
493 3599 538 3647 Pr.
559 3615 584 3663 p.
605 3600 664 3663 σῃ.
704 3584 708 3590 ’

383 3691 396 3730 2
413 3695 474 3743 vide
491 3694 506 3760 ξ
524 3695 565 3757 58.
586 3691 614 3746 οὖ
635 3689 682 3762 γὰρ
701 3688 826 3763 ἐξομνύναι
846 3689 976 3758 ἐθελήσειν
995 3689 1085 3754 αὐτοὺς
1106 3692 1195 3764 οἴομαι.
1232 3694 1247 3760 ᾗ
1271 3706 1309 3758 59.
1331 3687 1373 3744 ἐὰν
1393 3691 1420 3742 δὲ

312 3781 388 3847 τοῖιτο
407 3776 542 3844 ποιήσωσιν
563 3778 601 3831 ὑπ’
627 3779 759 3841 ἀναιδείας.
805 3781 819 3846 ξ
842 3785 883 3832 61.
914 3779 959 3834 οὐκ
982 3779 1078 3847 ἀίδηλον
1101 3773 1131 3846 ἦν
1157 3777 1194 3832 ὅτι
1217 3781 1292 3831 τοῦτο
1316 3777 1419 3850 ἔμελλον

311 3861 427 3932 ποιήσειν,
446 3862 583 3937 προθύμως
605 3866 753 3937 ἐξομεῖσθαι.

383 3961 473 4014 ³Att.
494 3967 538 4015 Pr.
559 3982 584 4030 p.
606 3968 664 4029 678.

381 4058 457 4110 4τοῦ
482 4058 525 4128 μὲν
546 4055 594 4129 γὰρ
619 4062 751 4130 μαρτυρίαν
770 4081 798 4131 με
818 4060 971 4133 ἐμβαλέσθαι
994 4056 1054 4130 πρὸς
1072 4057 1115 4115 τὸν
1135 4057 1260 4128 διαιτητὴν
1285 4056 1418 4129 παρεκρού-

311 4165 372 4198 σατο
394 4143 494 4214 φάσκων
513 4144 549 4200 ἀεὶ
568 4145 729 4217 μαρτυρήσειν
747 4149 779 4211 εἰς
796 4142 841 4216 τὴν
860 4151 944 4220 κυρίαν
963 4147 1094 4220 ἀπόφασιν.
1116 4146 1196 4215 ἐπειδὴ
1221 4148 1260 4216 δ’νζ
1282 4152 1362 4202 δίαιτα
1379 4142 1418 4217 ἦν,

310 4234 477 4302 προσκληθεὶς
495 4230 544 4286 ἀπὸ
562 4236 605 4296 τῖς
623 4234 699 4299 οἰκίας
716 4235 782 4288 ἔλιπε
801 4231 846 4288 τίν
866 4239 1006 4307 μαρτυρίαν,
