3302 4894
876 339 911 398 ¹4

338 496 473 588 μειράκικ
507 493 713 575 παντάπασιν,
745 497 853 564 οὑτοσὶ
885 491 918 562 δέ
951 494 1098 584 Λάκριτος
1137 502 1327 580 Φασηλίτης,
1364 504 1444 591 μέγα

337 606 472 689 πρᾶγμα,
491 595 679 686 Ἰσοκράτους
699 595 852 685 μαθητής)
874 606 970 681 liquet
990 605 1096 664 fratres
1112 607 1224 666 Lacriti
1246 611 1444 669 Artemonem

338 719 368 767 et
399 709 624 784 Apollodorum
655 717 720 765 tum
750 725 820 764 cum
851 709 955 781 pactio
991 707 1071 766 facta
1099 719 1165 766 erat
1192 711 1443 772 adulescentulos

338 812 432 870 fuisse
461 817 491 867 et
512 809 668 866 Lacritum
687 810 818 866 maxime
847 806 873 885 (ᾗ
895 823 910 884 7
933 798 1036 868 πάντα
1064 805 1174 891 ὅσαπερ
1199 805 1369 892 ὑπισχνεῖτο
1393 812 1445 872 καὶ

338 901 498 993 ἀνεδέχετο
520 901 666 989 Λάκριτος
689 905 789 968 οὑτοσί
814 910 851 970 ci.
878 915 893 984 ξ
923 911 977 989 15.)
1008 920 1106 969 totum
1139 916 1299 988 negotium
1333 919 1442 991 egisse,

336 1026 438 1074 tamen
461 1005 608 1090 quoniam
628 1014 739 1070 Lacriti
767 1015 901 1070 nominis
929 1015 961 1070 in
982 1015 1153 1089 syngrapha
1179 1015 1296 1074 mentio
1316 1019 1443 1088 non'tit‚

337 1119 421 1176 haud
445 1118 550 1186 dubie,
573 1116 783 1191 Apollodorus
804 1134 874 1172 cum
895 1115 1032 1174 Athenas
1054 1119 1234 1188 revertisset,
1257 1118 1345 1176 fratre
1358 1121 1444 1176 Arte-

337 1240 430 1279 mone
453 1221 484 1277 in
505 1220 635 1276 intinere
657 1217 806 1288 mortu0‚1
826 1219 963 1292 inprimis
982 1221 1179 1277 accusatione
1203 1223 1356 1294 petendus
1371 1230 1443 1291 erat,

337 1324 423 1400 quod
444 1323 577 1397 pecunia
598 1323 749 1395 promissa
776 1339 839 1377 non
859 1321 1040 1391 solveretur,
1070 1355 1102 1364 -
1127 1331 1158 1379 et
1179 1339 1254 1379 sane
1276 1324 1443 1398 petebatur.

338 1425 495 1498 Quoniam
528 1432 629 1480 autem
658 1423 830 1482 Androcles
860 1433 1055 1498 perspectum
1081 1423 1186 1481 habuit
1218 1443 1281 1481 non
1311 1433 1374 1481 tam
1405 1426 1444 1482 ab

338 1528 529 1602 Apollodoro
557 1526 791 1583 adulescentulo
824 1527 992 1599 sperandas
1025 1543 1094 1582 esse
1123 1529 1272 1600 pecunias
1301 1544 1394 1602 quam
1424 1541 1444 1582 a

336 1628 426 1686 fratre
449 1630 529 1686 illius
551 1625 687 1697 Lacrit0,
716 1623 853 1702 sophista
874 1629 981 1698 divite,
1003 1629 1055 1703 qui
1078 1630 1171 1686 totius
1193 1630 1309 1702 negotii
1329 1628 1444 1685 machi-

336 1739 425 1788 nator
452 1729 699 1789 versutissimus2
729 1731 800 1805 ipsi,
835 1731 860 1787 si
890 1732 987 1787 modo
1019 1731 1095 1805 quid
1131 1748 1310 1805 recuperare
1340 1731 1443 1798 voluit,

338 1834 443 1908 utique
455 1834 624 1890 vincendus
645 1841 719 1902 erat,
740 1833 772 1889 in
793 1832 948 1889 Lacritum
967 1833 1098 1889 maxime
1120 1833 1258 1890 invectus
1280 1841 1326 1889 est
1345 1833 1444 1890 illum·¹

338 1951 399 2009 que
434 1936 558 1991 unicum
585 1935 732 1992 heredem
762 1935 934 1992 Artemonis
969 1953 1036 1992 esse
1065 1936 1209 1992 mentitus
1242 1932 1324 2005 est;³
1358 1936 1445 2009 quod

337 2053 436 2093 rerum
460 2055 549 2092 verae
571 2045 697 2093 naturae
719 2038 845 2093 minime
866 2037 1049 2111 respondet,
1072 2037 1096 2092 si
1118 2036 1245 2111 quidem
1269 2028 1441 2093 secundum

337 2139 419 2212 leges
453 2139 653 2195 hereditarias
693 2155 757 2194 non
791 2140 892 2195 minus
925 2138 1136 2212 Apollodorus
1178 2155 1269 2212 quarn
1306 2138 1442 2196 Lacritus

336 2259 435 2297 rerum
459 2242 633 2298 Artemonis
655 2242 806 2315 particeps
826 2241 889 2298 fieri
913 2239 1056 2298 debebat.

415 2341 489 2419 Jarn
512 2360 608 2399 unum
630 2341 758 2399 fortasse
780 2349 907 2417 quaerat
928 2343 1092 2418 quispiam,
1121 2345 1226 2401 curin
1247 2339 1446 2400 testimoniis4

338 2445 520 2520 Apollodori
548 2462 662 2500 nomen
690 2452 961 2513 commemoretur,
994 2446 1168 2502 Artemonis
1198 2443 1294 2502 lratris
1321 2445 1443 2500 maioris

337 2554 420 2615 natu,
443 2547 530 2603 cuius
553 2548 651 2620 primo
675 2546 744 2602 loco
766 2548 882 2603 mentio
905 2545 1049 2604 iacienda
1071 2548 1304 2616 sit,‘omittatur.
1347 2543 1442 2601 Cuius

335 2651 379 2704 rei
407 2666 501 2706 causa
528 2650 600 2704 satis
628 2649 791 2724 perspicua
812 2650 903 2705 ineo
924 2650 1026 2723 posita
1045 2657 1091 2705 est
1111 2650 1199 2723 quod
1220 2666 1335 2705 nomen
1357 2648 1444 2705 Arte·

336 2752 447 2820 monis,
468 2769 538 2807 cum
558 2732 696 2808 mortuus
719 2759 809 2819 esset,
831 2751 938 2807 afferre
961 2750 1034 2808 nihil
1056 2752 1208 2808 intererat,

417 2850 560 2909 Ceterum
584 2853 701 2910 addere
724 2853 795 2909 mihi
818 2853 907 2909 liceat
928 2853 961 2910 id
982 2854 1092 2926 ipsum,
1113 2854 1200 2928 quod
1219 2853 1260 2909 de
1275 2853 1441 2910 Artemone

336 2955 367 3012 in
385 2956 571 3012 'testimoniis
594 2973 694 3011 sermo
717 2973 780 3012 non
803 2955 849 3025 fit,
874 2956 1063 3012 documento
1086 2955 1158 3014 mihi
1180 2955 1278 3011 videri
1297 2952 1442 3011 formulas

337 3056 402 3114 illas
425 3058 576 3131 genuinas
599 3065 683 3126 ess'e3
709 3075 779 3113 nam
804 3056 956 3127 falsarius,
983 3058 1035 3133 qui
1056 3059 1187 3114 maxime
1208 3064 1348 3114 tenorem
1374 3066 1442 3112 ora-

335 3245 484 3305 δανείζεοδαι
508 3242 532 3296 ἐν
565 3246 601 3312 τῷ
626 3243 734 3314 ἐμπορίῳ
758 3239 858 3296 ναυτικὰ
883 3240 1001 3314 χρήματα
1029 3244 1070 3296 rel
1093 3247 1155 3296 ταῦτ
1176 3242 1318 3312 ἀποστερεῖν
1342 3243 1382 3294 καὶ
1409 3238 1441 3313 μὴ

334 3328 488 3397 ἀποδόσθαι)
506 3333 717 3383 luculentissime
737 3343 846 3398 apparet
863 3333 913 3400 (ci.
942 3335 1021 3384 etiam
1042 3333 1122 3399 Ιῆ3ι).
1158 3335 1199 3382 Ex
1218 3334 1251 3386 iis
1270 3349 1336 3397 quae
1365 3333 1442 3382 affert

335 3421 454 3479 Blassius
474 3420 502 3488 [l.
524 3437 546 3470 c.
571 3438 596 3487 p.
622 3431 671 3484 502
691 3427 748 3470 not.
770 3421 798 3483 4)
823 3437 858 3472 sc.
886 3438 917 3470 ex
944 3421 1033 3472 verbis
1057 3421 1107 3486 §7
1135 3417 1263 3488 Ἀρτέμωνι
1291 3419 1327 3486 τῷ
1351 3414 1441 3469 τούτου

335 3491 436 3576 othelee]
459 3505 499 3556 καὶ
519 3501 714 3575 Ἀπολλοδώρῳ,
742 3508 902 3557 contrarium
930 3507 1076 3557 mihi.non
1104 3507 1176 3556 effici
1204 3507 1317 3557 videtur.
1360 3509 1441 3556 Immo

336 3597 460 3660 quoniam
479 3595 531 3644 hoc
553 3595 616 3643 loco
638 3594 776 3644 debitores
800 3596 854 3645 duo
875 3596 1056 3645 tantummodo
1079 3603 1258 3644 memorantur
1276 3595 1390 3644 Artemo
1415 3605 1441 3642 et

337 3682 551 3749 Appollodorus,
572 3681 587 3747 ξ
607 3683 622 3732 8
644 3691 733 3732 autem
753 3683 793 3732 illi
814 3685 909 3733 iratres
924 3683 1023 3732 Lacriti
1043 3682 1233 3745 significantur,
1254 3689 1327 3732 extra
1338 3698 1441 3731 omnem

336 3769 512 3819 dubitationis
532 3770 615 3819 aleam
634 3771 749 3834 positum
764 3771 869 3820 videtur
878 3771 1079 3836 Apollodorum
1099 3771 1206 3819 fratrem
1226 3769 1308 3818 inisse
1331 3769 1442 3818 Lacriti.

340 3857 420 3920 Quod
440 3865 526 3906 autem
545 3859 572 3906 in
592 3858 713 3907 oratione
734 3859 792 3923 ipsa
802 3859 959 3908 Artemonis
969 3873 1065 3908 nomen
1075 3858 1184 3908 maxime
1204 3857 1332 3922 premitur
1343 3855 1386 3921 (ἐξ
1401 3867 1439 3918 15.

340 3947 379 3994 16.
400 3948 453 4008 30.)
479 3944 506 3993 id
530 3944 592 3992 ideo
613 3944 671 3993 fieri
690 3952 755 4009 puto
777 3946 849 4010 qnod
868 3945 914 3994 ille
941 3947 1023 3995 irater
1041 3944 1125 3994 maior
1140 3952 1202 3994 natu
1226 3945 1286 3994 luit.
1323 3943 1440 3992 Accedit

335 4033 407 4097 quod
418 4031 526 4080 maxime
543 4031 665 4080 interluit
681 4033 807 4091 oratoris,
828 4049 885 4081 cum
906 4034 1041 4083 Lacritum
1057 4033 1161 4082 unicum
1174 4025 1301 4081 heredem
1321 4031 1440 4080 finxisset

335 4119 501 4176 Artemonis,
522 4118 687 4184 Apollodori
702 4118 773 4168 'alius
791 4121 879 4168 fratris
898 4136 995 4169 nornen
1015 4135 1090 4186 quarn
1106 4121 1215 4170 maxime
1234 4105 1357 4169 reticere.
1395 4119 1440 4168 Ad

335 4215 417 4255 totam
437 4223 490 4255 rern
512 4207 574 4256 vide
592 4206 628 4255 A.
649 4205 761 4254 Schiiler
781 4206 799 4255 l.
820 4223 842 4256 c.
864 4223 890 4271 p.
912 4208 970 4257 286.
992 4209 1051 4258 288.

406 4289 486 4355 153-
541 4291 711 4359 aganas.
767 4290 970 4359 ³ss4·44sq-
1027 4293 1203 4360 *sizone-
1224 4307 1293 4360 περ·
1314 4307 1438 4357 aar-11-
