3302 4894
791 325 808 386 7

246 487 423 573 ἀντίγραφον
449 487 500 549 καὶ
521 483 575 556 τὴν
596 477 752 570 πρόκλησιν
773 482 890 558 ταύτην
907 487 1027 562 καὶτὰς
1041 491 1201 574 μαρτυρίας
1214 493 1351 570 ταυταςί,

245 589 311 674 παρ’
337 585 378 664 οἷς
399 594 430 650 αἱ
454 581 594 658 διαδῆκαι
620 592 757 671 κεῖνται.ι
800 593 840 650 Ut
864 596 955 668 igitur
975 596 1007 652 in
1036 605 1111 657 orat.
1133 597 1245 654 XXXV
1274 599 1351 658 fides

246 695 453 772 syngraphae,
489 696 531 752 ita
566 695 598 752 in
626 703 701 753 orat.
735 695 864 752 XXXVI
898 699 1072 756 testamenti
1097 699 1294 758 confirmatur
1322 710 1352 758 et

247 790 427 854 auctoritate
444 797 533 865 iltius,
554 797 637 870 apud
655 815 746 871 quem
758 798 935 871 depositum
946 798 1033 855 erat2
1055 809 1086 856 et
1108 801 1356 874 provocatione‚3

246 918 325 975 quae
355 899 457 956 locum
481 899 600 955 obtinet
620 899 802 968 testimonii,
835 916 905 955 cum
925 877 965 955 ut
985 901 1106 958 videtur
1133 902 1209 959 nulli
1232 911 1356 962 re'vera

245 1008 357 1070 essent,
379 1001 440 1076 qui,
462 1018 532 1056 cum
553 1007 769 1056 testamentum
789 1001 981 1082 scriberetur,
1001 1003 1155 1061 adessent.
1233 1018 1236 1023 ·

327 1102 432 1170 Porro,
455 1102 542 1177 quod
564 1091 797 1157 Westermanno
825 1119 928 1159 rursus
950 1103 1115 1160 offensioni
1139 1113 1194 1174 est,
1218 1125 1255 1162 ne
1280 1107 1355 1164 illud

245 1205 373 1280 quidem
393 1205 503 1260 mirum
524 1202 597 1258 mihi
610 1279 611 1282 Ἴ
625 1203 759 1272 videtur,
788 1204 874 1278 quod
894 1221 1070 1279 quanquam
1091 1207 1148 1262 sub
1169 1207 1260 1264 finem
1286 1227 1355 1282 syn-

245 1306 379 1382 graphae
400 1313 521 1362 exstant
545 1304 671 1361 nomina
692 1305 823 1374 testium,
844 1306 1018 1362 eorundem
1029 1309 1237 1366 testimonium
1249 1327 1353 1368 rursus

245 1409 395 1466 recitatur.
439 1407 561 1481 Nempe
574 1424 643 1463 cum
667 1407 699 1462 in
722 1405 892 1480 syngrapha
915 1407 972 1462 tria
994 1412 1210 1466 tantummodo
1232 1412 1354 1468 testium

247 1511 377 1568 nomina
396 1516 528 1578 exstent,
550 1510 582 1565 in
604 1507 664 1565 hoc
684 1509 860 1564 testimonio
873 1496 1019 1583 ,quinque
1039 1520 1261 1583 memorantur,
1290 1495 1354 1589 quo

246 1615 345 1688 magis
367 1613 484 1670 scilicet
505 1611 547 1667 rei
569 1611 647 1667 fides
667 1618 698 1666 et
719 1611 882 1668 auctoritas
905 1610 1045 1668 firmetur.
1076 1591 1078 1594 ⁵

330 1713 452 1785 Quibus
479 1714 521 1769 ita
548 1712 725 1786 disputatiS,
753 1729 832 1786 quae
854 1711 1105 1770 Westermannus
1131 1725 1355 1790 commentatus

245 1825 307 1886 est,
346 1817 387 1872 ad
418 1814 545 1872 nihilum
582 1815 777 1887 rediguntur,
813 1831 905 1888 quem
939 1832 1009 1871 cum
1047 1817 1186 1889 graviora
1216 1818 1353 1891 proferre

246 1926 380 1992 nequeat
401 1918 442 1974 ad
456 1918 601 1974 minutias
623 1925 715 1991 atque
736 1917 870 1990 argutias
893 1916 1061 1991 confugere
1076 1920 1225 1977 videmus,
1267 1920 1354 1991 Quo-

246 2039 312 2076 rum
340 2022 372 2076 in
394 2037 523 2076 numero
546 2018 605 2075 lroc
627 2035 751 2093 quoque
774 2020 1001 2075 numerandum
1030 2022 1185 2095 estquod
1211 2023 1289 2079 inter
1320 2041 1353 2079 se

246 2141 383 2198 pugnare
406 2122 481 2178 dicit
503 2121 666 2177 lectionem
682 2120 878 2203 ¹syngraphae
902 2130 933 2177 et
960 2123 1170 2179 testimonium
1192 2124 1351 2182 Archeno·

245 2226 351 2282 mittis:
381 2225 433 2298 qui
462 2241 531 2280 cum
559 2227 575 2294 ξ
603 2239 638 2296 14
665 2231 792 2280 testetur
819 2224 995 2280 etiamnunc
1021 2225 1104 2299 apud
1127 2226 1229 2298 ipsum
1255 2227 1353 2300 depo·

247 2328 334 2383 sitam
356 2343 425 2382 esse
447 2325 649 2400 syngrapham
669 2321 739 2405 (παρ’
759 2319 844 2401 αὐτῷ
865 2323 910 2382 ἔτι
933 2321 1087 2404 κειμένην),
1109 2332 1124 2401 5
1143 2344 1187 2384 ro·
1200 2329 1260 2385 iam
1284 2327 1353 2404 syn-

249 2427 395 2502 grapham
416 2429 513 2502 ipsam
535 2427 684 2502 prolatam
706 2445 783 2484 esse.
826 2426 915 2498 Quae
928 2427 1102 2498 difficultas,
1124 2430 1256 2486 simodo
1271 2431 1353 2488 diffi-

249 2529 345 2586 cultas
367 2529 510 2603 appellari
532 2538 649 2602 potest,
676 2530 783 2586 nescio
810 2548 850 2586 an
879 2529 1018 2587 facillime
1051 2532 1246 2606 expediatur;
1274 2551 1353 2609 quo-

245 2633 327 2688 niam
355 2631 437 2688 enim
469 2639 590 2688 constat
617 2649 682 2688 non
706 2649 768 2688 uno
794 2633 845 2688 die
875 2633 979 2688 omnia
1009 2633 1068 2690 litis
1094 2634 1296 2691 instrumenta
1320 2636 1352 2692 in

245 2733 388 2790 echinum
410 2735 552 2790 coniecta
578 2751 647 2790 esse
670 2735 726 2790 sed
748 2752 802 2808 per
824 2742 922 2790 totum
947 2743 1067 2810 tempus
1089 2729 1267 2816 ἀνακρίσεως
1291 2736 1351 2794 hoo

244 2837 307 2893 fieri
329 2836 479 2893 sollemne
501 2834 627 2904 fuisse,4
655 2835 739 2892 haud
767 2837 861 2894 dubie
888 2846 973 2894 actor
1001 2838 1033 2894 in
1058 2837 1145 2893 initio
1174 2830 1350 2912 ἀνακρίσεως

246 2937 307 2994 hoc
339 2938 548 2996 testimonium
579 2938 618 2994 ab
645 2937 873 2996 Archenomide
905 2940 1047 3013 petierat,
1082 2955 1152 2995 cum
1178 2936 1350 3013 syngrapha
1384 2957 1386 2961 ·

244 3040 401 3096 etiamtum
441 3041 523 3115 apud
556 3041 656 3114 ipsum
688 3048 783 3119 esset,
817 3058 909 3115 quam
935 3050 1044 3115 postea
1074 3041 1198 3096 demum
1226 3039 1350 3112 reliquis

245 3139 382 3198 formulis
404 3142 577 3216 appositam
598 3159 667 3198 esse
690 3142 927 3198 existimandum
954 3143 1036 3198 erit·

325 3241 468 3318 Denique
490 3242 564 3299 mihi
584 3243 624 3300 de
646 3244 824 3300 nominibus
847 3245 972 3304 testium
981 3261 1082 3318 pauca
1103 3245 1221 3300 addere
1248 3243 1347 3301 liceat.

243 3345 279 3400 ln
303 3346 478 3402 universum
500 3344 560 3402 hoc
587 3363 793 3420 praemoneO,
811 3346 949 3403 'minime
980 3365 1028 3402 me
1056 3346 1194 3403 assentiri
1217 3345 1350 3402 Wester-

243 3463 376 3516 mann0‚
400 3448 451 3522 qui
481 3448 586 3503 omnia
611 3435 800 3516 testimonia,
828 3449 860 3504 in
890 3449 1001 3524 quibus
1025 3449 1147 3506 testium
1172 3446 1349 3504 nominibus

244 3565 361 3604 nomen
388 3549 482 3622 patris
513 3549 647 3625 pagique
682 3568 747 3606 non
778 3551 918 3607 additum
952 3559 1013 3621 est,
1052 3550 1253 3625 suppositicia
1279 3566 1347 3605 esse

244 3649 430 3718 contendit⁵
472 3651 552 3708 Nam
574 3653 660 3708 utin
682 3652 775 3709 titulis
797 3653 925 3726 publicis
937 3652 1170 3710 Atheniensium
1190 3659 1255 3707 tum
1276 3651 1347 3708 sim-

315 3921 324 3958 l
343 3925 403 3974 vide
422 3925 500 3973 huius
520 3925 588 3990 disp.
609 3942 635 3990 p.
658 3937 699 3973 22.

314 4007 326 4047 2
346 4013 381 4061 ci.
403 4014 490 4071 XLV,
516 3993 554 4073 i9,
575 4013 621 4061 ubi
641 4020 821 4076 argumentum
837 4014 910 4062 illius
930 4015 1076 4064 testimonii
1095 4014 1200 4076 legitur.
1252 4076 1255 4082 ‚

313 4095 326 4134 ³
344 4099 539 4162 Argumentum
558 4100 634 4148 huius
650 4101 850 4165 provocationis
871 4111 956 4150 exstat
975 4103 1002 4150 in
1020 4110 1087 4151 orat.
1107 4102 1194 4159 XLV,
1215 4102 1239 4151 8.

312 4183 325 4221 4
346 4186 432 4235 Meier
452 4187 504 4235 und
525 4187 682 4237 Schiimann.
720 4189 776 4237 Der
795 4197 842 4239 att.
862 4191 941 4238 Proc.
962 4206 988 4256 p.
1011 4191 1070 4251 691.

306 4271 361 4323 ¹51.
382 4290 452 4340 op.
476 4276 518 4339 63.
