3302 4894
722 361 756 424 19

268 530 332 589 Iam
353 530 504 608 intellegis
525 530 570 586 vel
593 529 756 604 expausis
783 529 839 585 illis
862 527 937 584 locis
957 528 1036 585 inter
1059 546 1092 586 se
1115 530 1293 604 conspiran-

189 633 269 690 tibus
283 631 484 708 syngrapham
506 638 581 688 orat.
623 629 735 690 XXXV
755 647 879 704 prorsus
901 613 1058 687 scribendi
1070 632 1190 700 rationi,
1212 649 1292 707 quae

188 743 252 792 tum
279 735 310 791 in
340 735 450 793 talibus
477 733 617 790 formulis
648 733 874 807 componendis
902 731 1029 788 Athenis
1051 734 1082 788 in
1112 751 1168 790 usu
1198 731 1292 792 fuisse

188 838 317 906 videtur,
338 844 580 893 consentaneam
603 853 679 894 esse.

269 939 375 1014 Itaque
398 939 437 994 de
452 937 633 994 auctoritate
648 937 713 993 eius
725 936 785 992 iam
807 953 871 992 non
886 937 1079 1005 dubitemus;
1100 939 1292 1011 gaudeamus

190 1041 292 1115 potius
314 1040 404 1097 nobis
427 1041 451 1096 si
473 1041 574 1096 minus
596 1039 688 1113 plane
708 1033 886 1113 integram,¹
907 1048 988 1095 certe
1010 1057 1123 1114 magna
1143 1059 1180 1096 ex
1207 1048 1292 1114 parte

189 1143 337 1216 integram
360 1149 508 1198 servatam
525 1135 597 1197 ¹esse
619 1139 779 1197 formulam
800 1142 905 1208 talem,
926 1159 987 1214 qua
1008 1143 1098 1198 nobis
1120 1143 1291 1199 subsidium

189 1244 272 1300 haud
294 1245 503 1319 spernendum
526 1244 566 1300 ad
587 1244 808 1300 institutionem
825 1244 1011 1318 antiquitatis
1027 1261 1157 1316 graecae
1174 1262 1292 1318 coguo-

189 1348 336 1403 scendam
357 1346 527 1420 praebetur.
965 1321 972 1337 ⁸

566 1496 617 1554 ΙΙΙ.
639 1495 692 1553 De
714 1497 797 1570 lege
819 1495 839 1568 ξ
861 1512 908 1570 51.

269 1609 425 1672 ΝΟΜΟΣ.
466 1610 618 1697 Ἀργύριον
638 1603 671 1674 δὲ
694 1607 735 1694 μὴ
762 1603 869 1686 ἐξεῖναι
894 1603 1028 1673 ἐκδοῦναι
1047 1610 1220 1680 Ἀθηναίων
1240 1612 1293 1696 καὶ

188 1717 249 1791 τῶν
269 1713 413 1796 μετοίκιον
434 1717 495 1773 τῶν
516 1708 659 1783 Ἀθήνησι
679 1708 894 1798 μετοικούντων
914 1704 1025 1794 μηδενὶ,
1050 1704 1126 1796 μηδὲ
1149 1703 1189 1772 ὧν
1210 1703 1291 1773 οὗτοι

186 1809 276 1898 κύριοί
285 1816 377 1889 stud,
398 1820 437 1886 εἰς
453 1819 523 1874 ναῦν
531 1813 596 1888 ἥτις
608 1808 644 1876 ἂν
658 1810 699 1900 μὴ
715 1814 812 1898 μέλλῃ
823 1807 903 1890 ἄξειν
914 1824 994 1876 σῖτον
1007 1806 1181 1890 Ἀθήναζε3,
1205 1860 1290 1877 .....

182 1911 240 1976 ’ἐὰν
266 1905 301 1975 ‹le'
325 1938 370 1989 τις
398 1907 476 1996 ἐκδῷ
503 1912 584 2001 παρὰ
616 1916 716 1992 ταῦτ’,
749 1911 822 1978 εἶναι
852 1913 907 1986 τὴν
932 1910 1018 2002 φάσιν
1047 1917 1098 1977 καὶ
1129 1911 1184 1985 τὴν
1215 1913 1291 1976 ἀπο-

187 2014 300 2103 γραφὴν
319 2023 374 2079 τοῦ
396 2016 530 2103 ἀργυρίου
557 2014 624 2102 πρὸς
644 2014 714 2092 τοὺς
736 2011 930 2101 ἐπιμελητάς,
951 2014 1038 2079 καθὰ
1059 2018 1195 2102 περὶτῆς
1221 2012 1291 2088 νεὼς

187 2120 239 2181 καὶ
265 2124 319 2181 τοῦ
348 2119 431 2181 σίτου
459 2121 584 2202 εἴρηται,
610 2112 693 2178 κατὰ
721 2120 831 2178 ταῦτα.
872 2116 924 2176 καὶ
950 2106 1016 2184 δίκη
1043 2114 1128 2194 αὐτῷ
1150 2110 1191 2198 μὴ
1213 2116 1292 2177 ἔστω

186 2223 250 2304 περὶ
275 2227 330 2283 τοῦ
357 2219 504 2306 ἀργυρίου,
538 2219 553 2280 ὂ
583 2212 619 2279 ἂν
647 2209 725 2298 ἐκδῷ
753 2214 864 2280 ἄλλοσέ
892 2240 942 2279 ποι
970 2211 989 2286 ἢ
1013 2209 1182 2292 Ἀθήναζε,
1216 2208 1291 2298 μηδὲ

187 2319 265 2407 ἀρχὴ
287 2321 435 2408 εἰσαγέτω
462 2322 526 2404 περὶ
545 2315 655 2382 τούτου
682 2312 820 2402 μηδεμία.

267 2427 316 2485 En
349 2415 465 2502 partem
497 2428 571 2500 legis
606 2425 699 2492 illius,
734 2443 794 2501 qua
824 2425 1062 2482 Atheniensibus
1095 2425 1291 2481 interdictum

187 2539 261 2599 erat,
282 2548 321 2586 ne
333 2531 364 2585 in
376 2529 435 2586 alia
456 2529 595 2602 emporia
615 2529 672 2584 nisi
694 2529 725 2584 in
745 2529 882 2602 ipsorum
896 2526 1080 2583 frumentum
1095 2506 1293 2600 importarent

187 2651 264 2690 neve
288 2634 430 2707 cuiquam
452 2631 615 2705 pecuniam
636 2631 823 2687 collocarent
845 2631 971 2686 nomine
994 2630 1091 2697 navis,
1120 2645 1199 2703 quae
1227 2645 1292 2683 non

188 2734 322 2790 Athenas
350 2751 453 2789 rursus
485 2742 566 2788 esset
592 2731 736 2792 reditura.
778 2731 1010 2806 Dico.partem;
1040 2749 1110 2787 nam
1140 2731 1292 2804 posterius

186 2837 422 2905 tantummodo,
455 2834 540 2911 quod
568 2835 698 2890 maxime
732 2835 773 2890 ad
808 2835 937 2890 oratoris
964 2835 1055 2889 rerba
1076 2831 1293 2900 antecedentia

191 2944 317 3010 spectat,
334 2937 451 2992 recitari
466 2933 631 2994 videmus4
673 2935 784 2992 Totam
796 2943 897 2992 autem
915 2937 1013 3010 legem
1033 2937 1075 2991 ita
1086 2940 1292 3006 comparatam

189 3037 283 3095 fuisse
305 3047 395 3112 put0,
425 3048 458 3095 ut
477 3040 606 3112 primum
633 3040 881 3107 interdiceretur,
910 3056 948 3093 ne
970 3038 1038 3111 quis
1060 3035 1293 3092 Atheniensium

188 3140 246 3195 nisi
276 3141 306 3194 in
329 3139 515 3197 Athenarum
545 3141 715 3214 emporium
744 3139 928 3204 frumentum
955 3137 1125 3206 inveheret,
1155 3136 1240 3210 quod
1263 3144 1293 3191 et

188 3257 225 3295 ex
251 3243 380 3296 oratoris
404 3241 524 3297 verbisb
547 3251 577 3298 et
599 3259 635 3298 ex
657 3242 804 3314 particula
826 3228 860 3298 δέ
882 3231 1023 3321 (ἀργύριον
1049 3227 1107 3317 δέ),
1135 3238 1293 3293 indicante

188 3342 248 3396 iam
277 3341 366 3397 aliam
396 3343 614 3398 condicionem
643 3343 775 3417 aliquam
804 3342 1006 3398 antecessisse
1033 3341 1147 3405 elucet,
1174 3339 1292 3394 deinde

189 3491 373 3500 ——..—..-—-
377 3495 384 3500 .

264 3609 274 3647 ¹
293 3613 361 3662 Vide
376 3614 606 3672 Biichsenschiitz,
630 3615 720 3663 Besitz
740 3616 792 3664 und
807 3615 919 3664 Erwerb
939 3615 974 3662 im
994 3630 1032 3676 gr.
1054 3613 1110 3662 All.
1131 3629 1155 3678 p.
1173 3614 1232 3674 486,
1251 3629 1291 3678 sq.

255 3697 318 3742 2:
340 3700 401 3769 μηδέ
422 3719 466 3752 τινι
491 3697 602 3766 τούτων,
630 3690 665 3752 ὧν
695 3689 762 3753 οὗτοι
787 3710 835 3766 (se.
858 3700 986 3766 Ἀθηναῖοι
1005 3701 1047 3750 vel
1066 3699 1184 3768 μέτοικοι)
1212 3693 1290 3766 κύριοί

188 3783 253 3838 εἰσιν.
293 3791 327 3838 cs.
349 3791 391 3839 ed.
411 3791 487 3840 Dem.
507 3791 539 3840 G.
559 3792 595 3840 H.
616 3789 762 3840 Schaeferi.

258 3872 271 3912 3
290 3879 377 3925 Recte
398 3878 525 3927 Reislrius
544 3879 625 3927 verba
644 3886 706 3944 post
723 3871 853 3942 Ἀθήναζε,
875 3893 940 3942 quae
961 3878 987 3925 in
1005 3877 1086 3948 libris
1103 3877 1226 3940 leguntur
1253 3875 1294 3925 καὶ

186 3951 269 4012 τᾶλλα
296 3956 327 4012 τὰ
356 3963 509 4032 γεγραμμένα
532 3963 584 4032 περὶ
608 3960 707 4024 ἑκάςτου
730 3961 812 4015 αὐτῶν
831 3982 885 4014 non
909 3967 941 4014 ad
967 3965 1053 4027 legem
1074 3967 1217 4030 pertinere,
1246 3965 1293 4013 sed

187 4051 287 4098 oratori
308 4051 450 4100 tribuenda
470 4068 529 4101 esse
548 4053 690 4103 intellexit.

257 4134 270 4170 ⁴
289 4138 349 4187 vide
366 4141 437 4202 quod
458 4141 491 4188 U.
503 4140 659 4189 Koehlerus
678 4141 727 4189 hac
739 4141 771 4189 de
791 4157 818 4189 re
829 4141 983 4206 disputavit.
1012 4142 1138 4207 (Hermes
1151 4142 1176 4190 11
1195 4157 1220 4204 p.
1238 4138 1292 4204 31.)

256 4221 301 4288 ἧς
325 4237 366 4288 5ο.
404 4219 448 4275 τὸν
469 4220 544 4295 νόμον
568 4223 602 4285 ὠς
620 4222 737 4293 χαλεπόςζ
758 4225 835 4291 ἐστιν,
860 4223 901 4277 ἐάν
925 4245 960 4286 τις
974 4224 1116 4291 Ἀθηναίων
1142 4221 1235 4276 ἄλλοσέ
1252 4243 1293 4274 ποι

186 4306 335 4378 σιτηγήςῃῆ
350 4307 478 4378 Ἀθήναζε.
516 4315 550 4364 cs.
572 4315 685 4379 Lyeurg.
705 4316 801 4364 Leocr.
822 4314 838 4380 ξ
858 4327 900 4379 27.
1190 4308 1199 4314 ’

1123 4405 1141 4456 2
