3302 4894
720 374 758 433 23

187 541 312 615 quidem
325 556 439 613 negare
457 540 587 606 videtur,
598 537 743 594 arbitrum
756 536 872 595 Tisiam
888 539 1037 612 privatum
1054 557 1122 598 esse
1137 543 1291 614 potuisse;

187 643 235 698 cui
257 658 453 716 nequaquam
474 640 613 698 assentiri
636 657 771 714 possum.

266 742 388 800 Etenim
417 751 537 800 constat
565 742 688 799 arbitrio
718 741 843 815 publico
871 740 951 797 lacto
980 759 1044 798 rem
1069 744 1175 800 denuo
1205 748 1289 821 apud

186 845 305 902 iudices
327 845 532 919 appellatione
554 844 734 918 interposita
755 843 804 916 agi
827 860 935 917 posse,
964 861 1028 900 nou
1051 861 1144 918 posse
1165 848 1288 905 arbitrio

187 948 302 1022 privato
328 945 434 1004 lactu.¹
477 947 541 1002 lam
562 947 710 1021 quoniam
733 945 856 1001 arbitrio
880 945 961 1001 lacto
985 943 1132 1022 (XLV,17
1156 943 1289 1028 ἐγίγνετο

185 1036 329 1114 hilam
349 1045 381 1106 ἐν
401 1049 471 1125 τῇ
462 1042 580 1124 ποικίλη
601 1047 684 1104 στοιῖ.
703 1043 812 1121 §6o,
803 1041 855 1104 ότε
877 1035 912 1112 ἦν
934 1037 1115 1125 ἀπόφασις
1099 1049 1153 1116 τῆς
1175 1036 1289 1119 διαίτης

185 1139 433 1228 Ἀπολλοδώρῳ·
435 1141 585 1228 ρὸςΦο’
540 1167 658 1228 ρριιωνα.
680 1149 749 1204 vide
762 1149 853 1205 etiam
865 1146 1002 1217 XXXVI,
1010 1139 1265 1228 ι8οἴοριαιδ’τ·Α
1215 1170 1289 1210 -οΛ-

185 1241 366 1333 λόδωρον..
389 1245 493 1330 οἷ.περ
513 1240 594 1330 παρὰ
616 1250 662 1326 τῷ
682 1240 822 1326 διαιτητῇ
843 1244 889 1307 λε
887 1267 941 1330 [ειν
961 1239 1086 1327 ἐτόλμα,
1107 1252 1187 1310 ταῦτ
1209 1249 1288 1333 ἐρεῖν.

186 1354 224 1411 cl.
245 1361 260 1429 ς
271 1352 320 1432 33)
342 1353 437 1411 nihilo
459 1354 560 1410 minus
580 1369 706 1408 causam
727 1353 810 1426 apud
829 1353 948 1409 iudices
971 1354 1019 1426 agi
1041 1355 1139 1410 oratio
1159 1353 1286 1412 XXXVI

187 1457 377 1513 documento
401 1464 460 1524 est,
490 1461 615 1529 apparet
636 1453 693 1510 hac
715 1455 746 1510 in
764 1473 795 1510 re
818 1455 859 1511 de
880 1455 1003 1511 arbitrio
1022 1457 1138 1530 privato
1160 1433 1287 1532 cogitari

187 1576 251 1615 non
264 1576 367 1633 posse,
378 1559 441 1615 'sed
453 1556 569 1615 Tisiam
583 1557 666 1613 illum
677 1557 779 1612 arbitri
790 1556 904 1630 publici
916 1574 1043 1613 munere
1055 1557 1193 1615 sunctum
1210 1578 1286 1617 esse.

265 1661 389 1733 Quare
410 1659 563 1735 patefacta
590 1660 650 1715 iam
672 1677 724 1728 ea,
750 1660 780 1714 in
808 1659 920 1734 quibus
942 1658 1073 1716 offendit
1093 1659 1196 1730 West.,
1217 1679 1288 1724 exa-

185 1765 346 1822 minemus.
393 1761 526 1819 Primum
555 1763 619 1817 viro
649 1761 690 1817 illi
717 1762 897 1819 doctissimo
927 1769 1103 1835 suspectum
1131 1772 1177 1819 est
1201 1764 1287 1837 quod

185 1867 295 1923 arbiter
311 1863 412 1922 Tisias
424 1863 614 1921 Achemenis
635 1863 706 1937 pagi
725 1863 841 1919 civibus
862 1863 1041 1920 attribuitur.
1083 1863 1202 1938 Nempe
1216 1882 1287 1921 cum

184 1965 351 2036 Meierus,2
383 1966 536 2023 sententia
572 1962 804 2025 Hudtwalkeri3
836 1964 980 2034 refutata,
1013 1967 1188 2039 exposuerit
1221 1983 1286 2023 non

187 2067 280 2126 luisse
309 2067 437 2125 Athenis
465 2067 580 2141 legem,
610 2077 643 2124 ut
671 2067 782 2123 arbiter
807 2067 948 2141 publicus
976 2085 1012 2124 ex
1041 2084 1079 2123 ea
1105 2067 1183 2124 tribu
1206 2077 1288 2126 esset

185 2170 352 2242 creandus,
384 2170 471 2226 cuius
499 2168 615 2226 civibus
646 2170 713 2243 ipse
746 2187 870 2245 quoque
900 2187 969 2226 reus
997 2170 1169 2243 adscriptus
1196 2179 1287 2241 esset,

185 2274 240 2330 sed
270 2273 310 2329 ita
337 2279 436 2328 totum
463 2272 539 2328 illud
566 2271 746 2328 arbitrorum
773 2272 966 2346 publicorum
994 2257 1164 2328 institutum
1193 2272 1286 2331 fuisse

184 2382 402 2448 comparatum,
420 2381 452 2429 ut
475 2391 510 2430 ex
533 2391 662 2431 numero
684 2375 865 2431 arbitrorum
886 2374 1077 2458 singulorum
1103 2393 1139 2431 ex
1161 2377 1287 2451 singulis

184 2477 322 2534 tribubus
361 2476 526 2550 quotannis
565 2477 813 2533 creabundorum
849 2477 1014 2552 uuicuique
1050 2494 1162 2556 causae
1207 2497 1287 2538 unus

184 2580 430 2647 constitueretur,
452 2579 570 2635 ratione
593 2578 677 2636 nulla
698 2578 801 2635 habita
821 2579 931 2648 tribus,
960 2597 996 2635 ex
1023 2597 1084 2655 qua
1107 2587 1188 2635 esset
1207 2596 1287 2648 reuS,

188 2715 218 2723 —
243 2680 304 2738 hoc
325 2681 405 2750 locu,
427 2698 497 2737 cum
518 2698 588 2738 reus
611 2679 841 2754 Apollodorus4
862 2681 1068 2739 Achemensis
1090 2683 1142 2752 sit,
1171 2679 1287 2739 Tisiam

183 2785 282 2858 ipsum
304 2800 429 2859 quoque
455 2782 684 2841 Acharneusem
709 2784 816 2840 induci
842 2785 951 2841 mirum
966 2802 1045 2866 'esse
1067 2792 1158 2859 atque
1189 2785 1288 2860 suspi-

182 2887 298 2942 tionem
328 2903 451 2941 movere
482 2885 727 2943 additamentum
760 2886 836 2942 illud
866 2888 938 2960 pagi
973 2894 1087 2944 temere
1116 2904 1135 2942 a
1166 2885 1287 2942 falsario

182 2989 356 3062 appositum
378 3005 456 3046 esse.
491 2987 571 3058 Sed,
599 3006 731 3064 quaem,
754 2990 779 3045 is
791 2989 911 3058 arbiter,
932 2990 984 3063 qui
999 2989 1080 3045 hanc
1100 2989 1141 3044 ad
1163 3005 1288 3045 causam

184 3090 419 3164 disceptandam
444 3097 526 3146 sorte
551 3090 723 3159 creabatur,
752 3107 858 3146 nonne
888 3089 966 3146 iorte
988 3088 1192 3146 Acharnensis
1218 3106 1287 3146 esse

182 3189 300 3264 potuit?
347 3191 443 3263 Quod
478 3209 516 3248 eo
544 3191 735 3248 verisimilius
764 3199 826 3260 est,
862 3192 948 3266 quod
981 3191 1005 3248 si
1038 3191 1165 3265 quidem
1190 3207 1288 3264 pagus

184 3293 392 3352 Acharnensis
421 3293 635 3350 celeberrimus
668 3294 700 3349 in
727 3293 827 3350 Attica
854 3290 941 3362 fuit,⁵
959 3291 1043 3349 haud
1068 3292 1194 3348 minima
1219 3309 1288 3366 pars

185 3394 365 3452 arbitrorum
387 3395 553 3470 quotannis
576 3413 612 3452 ex
635 3394 695 3452 hoc
715 3412 797 3470 pago
820 3396 955 3452 creanda
976 3402 1047 3452 erat.

258 3625 325 3677 1M.
347 3629 382 3678 H.
402 3629 435 3679 E.
455 3629 550 3678 Meier.
587 3626 887 3676 Privatschiedsrichter
916 3643 942 3676 u.
965 3627 992 3676 d.
1023 3625 1124 3678 dffentl.
1149 3626 1285 3676 Diitetcu.

186 3715 265 3765 Halle
287 3717 362 3778 1846.
385 3730 411 3781 p.
432 3717 456 3765 6.
477 3728 518 3780 27.

257 3799 306 3852 21.
326 3819 349 3852 c.
369 3820 395 3868 p.
418 3816 448 3866 23
472 3819 510 3868 sq.

255 3887 268 3927 3
291 3890 381 3940 Ueber
403 3891 507 3940 iiffentl.
527 3908 552 3940 u.
572 3889 880 3940 Privatschiedsrichter.
918 3892 986 3955 Jena
1007 3891 1082 3939 1812.
1102 3906 1127 3955 p.
1146 3902 1189 3962 72.

254 3976 267 4014 ⁴
285 3978 366 4028 Falso
388 3980 476 4035 West,
498 3979 659 4044 Stephanum
679 3994 765 4037 reum,
791 3977 1009 4043 Appollodorum
1030 3987 1210 4027 accusatorem
1230 3994 1289 4027 esse

187 4067 340 4124 contendit,
362 4067 493 4130 siquidem
513 4066 693 4114 testimonium
712 4065 787 4124 illud,
808 4074 836 4114 ut
856 4082 935 4131 supra
953 4066 1111 4132 aperuimus,
1132 4071 1236 4130 spectat
1257 4065 1289 4112 ad

187 4161 254 4201 orat.
274 4153 412 4212 XXXVI,
433 4169 465 4201 ex
484 4169 534 4218 qua
553 4153 740 4202 aPhorrnione
760 4154 885 4202 adversus
902 4153 1101 4218 Apollodorum
1120 4167 1289 4217 παραγραρην,

184 4256 261 4304 quam
280 4241 376 4290 Graeci
396 4241 497 4301 dicunt,
519 4241 707 4306 interpositam
721 4256 779 4290 esse
801 4241 937 4290 discimus.

252 4323 266 4366 5
286 4328 369 4378 Thuc
390 4328 416 4376 11
419 4339 508 4394 ,20,4.
532 4340 559 4377 2¹
576 4341 601 4396 3.
