3302 4894
878 317 912 376 Ι4

339 474 475 566 perpulerat
509 471 715 553 παντάπασιν,
747 475 854 541 οὑτοσὶ
887 469 920 540 δέ
953 472 1099 561 Λάκριτος
1139 479 1329 558 Φασηλίτης,
1365 481 1446 568 μέγα
1475 503 1477 508 ’

339 585 473 666 πρᾶγμα,
492 574 681 664 Ἰσοκράτους
701 573 854 662 μαθητής)
876 584 970 658 liquet
992 583 1098 642 iratres
1113 585 1225 644 Lacriti
1247 588 1446 646 Artemonem

340 697 370 745 et
400 687 624 762 Apollodorum
657 693 721 742 tum
752 703 821 741 cum
853 686 957 758 pactio
992 684 1072 742 saeta
1101 696 1166 744 erat
1193 689 1445 748 adulescentulos

339 790 433 848 luisse
462 797 493 845 et
515 788 670 844 Lacritum
690 788 819 844 maxime
848 783 874 862 (ξ
896 799 912 862 7
935 777 1037 846 πάντα
1065 782 1175 869 ὅσαπερ
1200 783 1370 870 ὑπισχνεῖτο
1394 789 1447 850 καὶ

339 879 500 970 ἀνεδέχετο
522 879 668 968 Λάκριτος
691 882 790 946 οὑτοσί
816 887 852 947 cf.
880 893 895 962 ξ
925 889 979 967 15.)
1010 897 1108 946 totum
1140 894 1301 966 negotium
1335 895 1445 968 egisse,

339 1004 440 1052 tamen
462 984 609 1068 quoniam
630 991 741 1048 Lacriti
769 992 903 1048 nominis
931 993 963 1048 in
984 991 1155 1066 syngrapha
1180 993 1297 1052 mentio
1319 997 1445 1065 non'lit,

339 1097 422 1154 haud
446 1096 552 1164 dubie,
575 1095 785 1169 Apollodorus
805 1111 875 1150 cum
897 1092 1034 1151 Athenas
1055 1097 1235 1164 revertisset,
1257 1096 1446 1153 fratreArte·

339 1218 431 1257 mone
454 1199 485 1254 in
507 1197 636 1254 intinere
658 1193 807 1265 mortuo,1
827 1197 965 1270 inprimis
983 1198 1181 1254 accusatione
1205 1200 1358 1272 petendus
1372 1208 1445 1269 erat,

339 1302 425 1378 quod
446 1301 579 1374 pecunia
599 1301 751 1374 promissa
777 1317 841 1355 non
861 1299 1042 1368 solveretur,
1071 1333 1104 1342 -
1129 1307 1159 1356 et
1180 1317 1256 1356 sane
1278 1302 1445 1376 petebatur.

339 1403 497 1475 Quoniam
529 1408 631 1458 autem
658 1400 831 1458 Androcles
861 1410 1056 1476 perspectum
1082 1400 1187 1458 habuit
1219 1419 1283 1458 non
1314 1411 1376 1459 tam
1407 1403 1446 1460 ab

339 1506 531 1580 Apollodoro
559 1504 792 1561 adulescentulo
825 1504 994 1577 sperandas
1026 1521 1095 1561 esse
1125 1506 1274 1578 pecunias
1303 1522 1396 1579 quam
1425 1519 1446 1560 a·

338 1605 428 1664 fratre
450 1607 530 1664 illius
553 1603 688 1674 Lacrit0,
718 1600 854 1680 sophista
876 1606 983 1675 divite,
1005 1607 1057 1681 qui
1079 1607 1173 1664 totius
1195 1608 1310 1681 negotii
1332 1605 1446 1663 machi·

338 1718 427 1766 nator
454 1707 701 1767 versutissimus²
731 1709 801 1783 ipsi,
836 1709 861 1764 si
892 1709 989 1765 modo
1021 1709 1097 1782 quid
1133 1726 1312 1782 recuperare
1341 1708 1445 1776 voluit,

340 1813 626 1886 utiquevincendus
646 1817 720 1879 erat,
742 1811 773 1866 in
795 1809 950 1867 Lacritum
969 1811 1100 1866 maxime
1122 1811 1260 1867 invectus
1281 1818 1327 1866 est
1347 1810 1446 1867 illum-

340 1929 401 1988 que
435 1915 560 1970 unicum
587 1913 733 1969 heredem
764 1913 936 1968 Artemonis
971 1931 1038 1970 esse
1066 1913 1210 1970 mentitus
1243 1909 1326 1982 est;³
1360 1913 1447 1987 quod

339 2032 437 2071 rerum
462 2033 551 2071 verae
572 2023 699 2072 naturae
721 2015 847 2071 minime
868 2015 1051 2088 respondet,
1074 2015 1097 2070 si
1120 2014 1246 2089 quidem
1271 2005 1444 2070 secundum

338 2116 421 2190 leges
455 2117 655 2173 hereditarias
695 2135 759 2173 non
793 2118 894 2173 minus
926 2117 1137 2190 Apollodorus
1179 2133 1271 2190 quam
1307 2115 1444 2172 Lacritus

338 2236 436 2276 rerum
461 2220 635 2276 Artemonis
656 2220 808 2293 particeps
829 2219 891 2276 fieri
915 2219 1057 2276 debebat.

417 2320 491 2397 Jarn⁸
513 2338 609 2376 unum
632 2319 760 2378 sortasse
782 2328 909 2396 quaerat
930 2321 1094 2396 quispiam,
1122 2323 1227 2378 curin
1249 2317 1448 2378 testimoniis4

340 2422 522 2499 Apollodori
550 2440 663 2479 nomen
692 2430 963 2492 commemoretur,
996 2424 1170 2481 Artemonis
1199 2421 1296 2479 fratris
1323 2422 1446 2479 maioris

338 2532 422 2593 natu,
445 2525 532 2580 cuius
554 2527 653 2598 primo
677 2525 746 2581 loco
768 2526 884 2581 mentio
907 2523 1051 2582 facienda
1073 2526 1119 2593 sit,
1142 2527 1305 2582 omittatur.
1348 2521 1444 2580 Cuius

338 2629 380 2682 rei
408 2644 503 2683 causa
530 2627 602 2682 satis
629 2627 793 2702 perspicua
814 2628 845 2682 in
866 2645 905 2683 eo
926 2628 1027 2702 posita
1046 2633 1093 2682 est
1113 2628 1199 2702 quod
1221 2643 1337 2683 nomen
1358 2626 1446 2682 Arte-

338 2730 448 2798 moniS,
469 2745 539 2785 cum
560 2709 698 2784 mortuus
721 2736 811 2797 esset,
832 2728 940 2785 afferre
963 2727 1036 2785 nihil
1057 2729 1209 2785 intererat.

419 2827 561 2886 Ceterum
586 2830 703 2887 addere
726 2830 798 2886 mihi
820 2831 909 2887 liceat
930 2831 962 2886 id
984 2831 1093 2904 ipsum,
1115 2832 1202 2905 quod
1220 2831 1261 2887 de
1276 2830 1444 2886 Artemone

337 2933 369 2989 in
386 2933 573 2989 'testimoniis
595 2949 695 2989 sermo
718 2950 782 2988 non
805 2933 851 3002 fit,
876 2933 1065 2989 documento
1087 2932 1160 2991 mihi
1182 2932 1279 2989 videri
1299 2929 1445 2988 formulas

339 3034 404 3091 illas
426 3035 577 3108 genuinas
600 3043 670 3091 esse
678 3051 685 3105 ;
711 3051 781 3092 nam
806 3033 958 3104 falsarium
985 3035 1036 3110 qui
1058 3036 1188 3092 maxime
1210 3041 1349 3091 tenorem
1375 3045 1445 3089 ora·

337 3222 485 3282 δανείζεοδοιι
510 3220 534 3274 ἐν
566 3224 602 3290 τῷ
628 3221 736 3292 ἐμπορίῳ
759 3216 860 3274 ναυτικὰ
885 3217 1002 3292 χρήματα
1031 3221 1072 3274 καὶ
1094 3223 1157 3274 ταῦτ
1177 3219 1319 3290 ἀποστερεῖν
1344 3220 1384 3272 καλ
1410 3215 1444 3290 μὴ

336 3306 490 3375 ἀποδόσθαι)
508 3311 719 3361 luculentissime
738 3320 847 3376 apparet
865 3311 915 3378 (cs.
944 3313 1023 3361 etiam
1043 3310 1123 3377 §31).
1160 3313 1201 3360 Ex
1220 3310 1253 3363 iis
1272 3326 1338 3375 quae
1366 3293 1445 3359 affert

337 3399 456 3457 Blassius
475 3398 504 3465 tl.
526 3415 548 3448 c.
572 3415 598 3463 p.
623 3409 672 3461 502
693 3406 749 3447 not.
772 3399 800 3461 4)
825 3415 860 3450 sc.
888 3415 919 3448 ex
946 3399 1035 3448 verbis
1059 3398 1108 3463 §7
1136 3394 1265 3466 Ἀρτέμωνι
1293 3395 1329 3464 τῷ
1353 3390 1443 3446 τούτου

336 3468 438 3553 ἀδελφῷ
461 3483 501 3534 καλ
521 3479 716 3554 Ἀπολλοδώρῳ,
744 3485 904 3534 contrarium
932 3485 1077 3534 mihinon
1106 3485 1178 3534 effici
1206 3484 1319 3535 videtur.
1362 3485 1443 3533 Immo

338 3573 462 3638 quoniam
480 3572 532 3621 hoc
555 3573 617 3621 loco
640 3572 778 3622 debitores
802 3572 855 3622 duo
877 3574 1058 3622 tantummodo
1081 3581 1260 3622 memorantur
1278 3573 1391 3622 Artemo
1417 3583 1443 3620 et

339 3659 553 3725 Appollodorus,
574 3658 589 3725 ᾖ
609 3660 624 3708 8
646 3668 734 3709 autern
755 3661 795 3708 illi
816 3661 911 3710 iratres
926 3661 1024 3710 Lacriti
1045 3660 1235 3723 significantur,
1256 3668 1329 3710 extra
1339 3675 1444 3708 ornnem

337 3747 514 3796 dubitationis
533 3747 616 3796 aleam
636 3748 751 3812 positum
766 3748 871 3796 videtur
880 3748 1080 3813 Apollodorum
1101 3749 1208 3797 fratrem
1228 3747 1310 3796 luisse
1332 3747 1444 3796 Lacriti.

342 3833 421 3898 Quod
441 3841 528 3883 autern
547 3835 573 3883 in
593 3834 715 3884 oratione
736 3835 793 3900 ipsa
804 3836 960 3884 Artemonis
970 3851 1067 3885 nomeu
1077 3835 1186 3885 maxime
1206 3835 1334 3900 premitur
1345 3833 1388 3899 (ἐξ
1402 3845 1442 3896 15.

342 3925 381 3970 16.
402 3925 455 3985 30.)
481 3921 594 3993 idideo
615 3921 673 3970 sreri
692 3930 757 3987 puto
779 3923 850 3986 quod
870 3923 916 3972 ille
943 3924 1025 3972 frater
1043 3923 1204 3972 maiornatu
1227 3923 1288 3971 suit.
1325 3921 1443 3970 Accedit

337 4011 409 4073 quod
420 4008 528 4058 maxime
545 4007 667 4058 interluit
684 4009 808 4068 oratoris,
830 4026 887 4059 cum
907 4011 1042 4060 Lacritum
1059 4011 1162 4060 unicum
1177 4003 1303 4059 heredem
1323 4008 1444 4058 finxisset

337 4097 503 4153 Artemonis,
524 4096 689 4161 Apollodori
708 4095 775 4145 alius
793 4098 881 4146 fratris
900 4113 996 4147 nornen
1016 4113 1092 4163 quam
1107 4099 1217 4146 maxime
1236 4082 1359 4146 reticere.
1397 4097 1444 4146 Ad

336 4191 419 4233 totam
439 4199 492 4233 rem
514 4183 575 4234 vide
594 4185 630 4233 A.
651 4183 763 4232 Schiser
783 4184 800 4232 l.
822 4200 844 4233 c.
865 4201 892 4250 p.
914 4186 972 4234 286.
993 4186 1053 4235 288.

408 4267 488 4334 lss·
543 4269 713 4338 2tt22·28·
768 4267 972 4337 lissam·
1028 4269 1442 4338 ⁴§t20›3·9·23‚7·34.4·11·
