<?xml version="1.0" encoding="UTF-8"?>
<!DOCTYPE html PUBLIC "-//W3C//DTD XHTML 1.0 Transitional//EN"
    "http://www.w3.org/TR/xhtml1/DTD/xhtml1-transitional.dtd">
<html xmlns="http://www.w3.org/1999/xhtml" xml:lang="en" lang="en">
 <head>
  <title>
</title>
<meta http-equiv="Content-Type" content="text/html;charset=utf-8" />
  <meta name='ocr-system' content='tesseract 3.04.00' />
  <meta name='ocr-capabilities' content='ocr_page ocr_carea ocr_par ocr_line ocrx_word'/>
</head>
<body>
  <div class='ocr_page' id='page_1' title='image "./delitisinstrume01kircgoog_0013.png"; bbox 0 0 3302 4894; ppageno 0'>
   <div class='ocr_carea' id='block_1_1' title="bbox 523 267 929 358">
    <p class='ocr_par' dir='ltr' id='par_1_1' title="bbox 523 267 929 360">
     <span class='ocr_line' id='line_1_1' title="bbox 523 267 929 358; baseline -0.012 -24"><span class='ocrx_word' id='word_1_1' title='bbox 523 277 570 306; x_wconf 91' lang='lat'>···</span> <span class='ocrx_word' id='word_1_2' title='bbox 587 267 649 334; x_wconf 77' lang='lat'><strong>³.:··</strong></span> <span class='ocrx_word' id='word_1_3' title='bbox 671 281 748 350; x_wconf 65' lang='lat'>,··2:</span> <span class='ocrx_word' id='word_1_4' title='bbox 817 272 929 358; x_wconf 71' lang='lat'><strong>.·&#39;·&#39;··.2&#39;</strong></span> 
     </span>
    </p>
   </div>
   <div class='ocr_carea' id='block_1_2' title="bbox 319 459 1434 3694">
    <p class='ocr_par' dir='ltr' id='par_1_2' title="bbox 319 459 1423 662">
     <span class='ocr_line' id='line_1_2' title="bbox 320 459 1423 556; baseline 0.001 -18"><span class='ocrx_word' id='word_1_5' title='bbox 320 483 351 539; x_wconf 94' lang='lat' dir='ltr'>in</span> <span class='ocrx_word' id='word_1_6' title='bbox 371 482 512 539; x_wconf 90' lang='lat' dir='ltr'>oratione</span> <span class='ocrx_word' id='word_1_7' title='bbox 533 480 776 538; x_wconf 89' lang='lat' dir='ltr'>Demosthenica</span> <span class='ocrx_word' id='word_1_8' title='bbox 796 459 828 538; x_wconf 91' lang='lat' dir='ltr'>in</span> <span class='ocrx_word' id='word_1_9' title='bbox 849 480 1067 549; x_wconf 89' lang='lat' dir='ltr'>Macartatum,</span> <span class='ocrx_word' id='word_1_10' title='bbox 1094 481 1292 555; x_wconf 86' lang='lat' dir='ltr'>inscriptione</span> <span class='ocrx_word' id='word_1_11' title='bbox 1315 482 1353 541; x_wconf 91' lang='lat' dir='ltr'>ol.</span> <span class='ocrx_word' id='word_1_12' title='bbox 1376 479 1423 556; x_wconf 78' lang='lat'>89.</span> 
     </span>
     <span class='ocr_line' id='line_1_3' title="bbox 319 582 874 662; baseline 0.004 -22"><span class='ocrx_word' id='word_1_13' title='bbox 319 583 408 662; x_wconf 72' lang='lat' dir='ltr'>4j409</span> <span class='ocrx_word' id='word_1_14' title='bbox 431 583 598 658; x_wconf 82' lang='lat' dir='ltr'>genuinam</span> <span class='ocrx_word' id='word_1_15' title='bbox 620 583 699 640; x_wconf 85' lang='lat' dir='ltr'>effici</span> <span class='ocrx_word' id='word_1_16' title='bbox 720 582 874 657; x_wconf 83' lang='lat' dir='ltr'>patefecit.</span> 
     </span>
    </p>

    <p class='ocr_par' dir='ltr' id='par_1_3' title="bbox 319 683 1426 1364">
     <span class='ocr_line' id='line_1_4' title="bbox 400 683 1424 760; baseline -0.002 -18"><span class='ocrx_word' id='word_1_17' title='bbox 400 685 541 757; x_wconf 89' lang='lat' dir='ltr'>Quorum</span> <span class='ocrx_word' id='word_1_18' title='bbox 562 687 694 744; x_wconf 91' lang='lat' dir='ltr'>virorum</span> <span class='ocrx_word' id='word_1_19' title='bbox 716 703 811 760; x_wconf 89' lang='lat' dir='ltr'>opera</span> <span class='ocrx_word' id='word_1_20' title='bbox 830 694 861 742; x_wconf 88' lang='lat' dir='ltr'>et</span> <span class='ocrx_word' id='word_1_21' title='bbox 874 686 977 742; x_wconf 89' lang='lat' dir='ltr'>studio</span> <span class='ocrx_word' id='word_1_22' title='bbox 990 685 1131 741; x_wconf 91' lang='lat' dir='ltr'>nimirum</span> <span class='ocrx_word' id='word_1_23' title='bbox 1144 685 1272 742; x_wconf 90' lang='lat' dir='ltr'>adducti</span> <span class='ocrx_word' id='word_1_24' title='bbox 1290 683 1315 760; x_wconf 90' lang='lat' dir='ltr'>J.</span> <span class='ocrx_word' id='word_1_25' title='bbox 1326 683 1424 759; x_wconf 90' lang='lat' dir='ltr'>Droy·</span> 
     </span>
     <span class='ocr_line' id='line_1_5' title="bbox 320 785 1424 860; baseline -0.002 -16"><span class='ocrx_word' id='word_1_26' title='bbox 320 789 423 844; x_wconf 88' lang='lat' dir='ltr'>senius</span> <span class='ocrx_word' id='word_1_27' title='bbox 446 788 663 845; x_wconf 86' lang='lat' dir='ltr'>dissertatione</span> <span class='ocrx_word' id='word_1_28' title='bbox 685 785 898 844; x_wconf 87' lang='lat' dir='ltr'>Beroiinensil</span> <span class='ocrx_word' id='word_1_29' title='bbox 927 787 1111 860; x_wconf 89' lang='lat' dir='ltr'>populiscita</span> <span class='ocrx_word' id='word_1_30' title='bbox 1131 787 1203 855; x_wconf 89' lang='lat' dir='ltr'>tria,</span> <span class='ocrx_word' id='word_1_31' title='bbox 1235 803 1315 860; x_wconf 88' lang='lat' dir='ltr'>quae</span> <span class='ocrx_word' id='word_1_32' title='bbox 1344 787 1424 842; x_wconf 90' lang='lat' dir='ltr'>inve-</span> 
     </span>
     <span class='ocr_line' id='line_1_6' title="bbox 323 888 1425 963; baseline -0.002 -17"><span class='ocrx_word' id='word_1_33' title='bbox 323 892 448 946; x_wconf 89' lang='lat' dir='ltr'>niuntur</span> <span class='ocrx_word' id='word_1_34' title='bbox 469 891 500 946; x_wconf 93' lang='lat' dir='ltr'>in</span> <span class='ocrx_word' id='word_1_35' title='bbox 523 890 696 946; x_wconf 88' lang='lat' dir='ltr'>Andocidis</span> <span class='ocrx_word' id='word_1_36' title='bbox 719 890 859 945; x_wconf 90' lang='lat' dir='ltr'>oratione</span> <span class='ocrx_word' id='word_1_37' title='bbox 883 889 922 946; x_wconf 94' lang='lat' dir='ltr'>de</span> <span class='ocrx_word' id='word_1_38' title='bbox 944 889 1109 963; x_wconf 88' lang='lat' dir='ltr'>mysteriis,</span> <span class='ocrx_word' id='word_1_39' title='bbox 1131 889 1268 962; x_wconf 82' lang='lat' dir='ltr'>genuina</span> <span class='ocrx_word' id='word_1_40' title='bbox 1289 888 1339 946; x_wconf 88' lang='lat' dir='ltr'>ilia</span> <span class='ocrx_word' id='word_1_41' title='bbox 1359 889 1425 962; x_wconf 92' lang='lat' dir='ltr'>qui·</span> 
     </span>
     <span class='ocr_line' id='line_1_7' title="bbox 319 989 1425 1065; baseline -0.003 -17"><span class='ocrx_word' id='word_1_42' title='bbox 319 993 391 1048; x_wconf 89' lang='lat' dir='ltr'>dem</span> <span class='ocrx_word' id='word_1_43' title='bbox 422 993 478 1048; x_wconf 91' lang='lat' dir='ltr'>sed</span> <span class='ocrx_word' id='word_1_44' title='bbox 499 999 608 1065; x_wconf 93' lang='lat' dir='ltr'>postea</span> <span class='ocrx_word' id='word_1_45' title='bbox 635 990 672 1047; x_wconf 88' lang='lat' dir='ltr'>ab</span> <span class='ocrx_word' id='word_1_46' title='bbox 699 989 825 1047; x_wconf 90' lang='lat' dir='ltr'>homine</span> <span class='ocrx_word' id='word_1_47' title='bbox 847 992 941 1048; x_wconf 90' lang='lat' dir='ltr'>docto</span> <span class='ocrx_word' id='word_1_48' title='bbox 969 991 1149 1046; x_wconf 87' lang='lat' dir='ltr'>recentioris</span> <span class='ocrx_word' id='word_1_49' title='bbox 1180 991 1288 1048; x_wconf 88' lang='lat' dir='ltr'>aetatis</span> <span class='ocrx_word' id='word_1_50' title='bbox 1319 990 1425 1046; x_wconf 89' lang='lat' dir='ltr'>addita</span> 
     </span>
     <span class='ocr_line' id='line_1_8' title="bbox 319 1090 1426 1156; baseline -0.003 -7"><span class='ocrx_word' id='word_1_51' title='bbox 319 1112 388 1152; x_wconf 89' lang='lat' dir='ltr'>esse</span> <span class='ocrx_word' id='word_1_52' title='bbox 416 1094 637 1151; x_wconf 90' lang='lat' dir='ltr'>demonstravit</span> <span class='ocrx_word' id='word_1_53' title='bbox 664 1100 695 1150; x_wconf 90' lang='lat' dir='ltr'>et</span> <span class='ocrx_word' id='word_1_54' title='bbox 721 1091 1027 1156; x_wconf 79' lang='lat' dir='ltr'>A.‚Wachholtzius2</span> <span class='ocrx_word' id='word_1_55' title='bbox 1054 1092 1269 1148; x_wconf 88' lang='lat' dir='ltr'>dissertatione</span> <span class='ocrx_word' id='word_1_56' title='bbox 1296 1090 1426 1148; x_wconf 90' lang='lat' dir='ltr'>Kiiiensi</span> 
     </span>
     <span class='ocr_line' id='line_1_9' title="bbox 322 1193 1426 1268; baseline -0.005 -15"><span class='ocrx_word' id='word_1_57' title='bbox 322 1197 378 1253; x_wconf 89' lang='lat' dir='ltr'>litis</span> <span class='ocrx_word' id='word_1_58' title='bbox 400 1197 672 1252; x_wconf 85' lang='lat' dir='ltr'>instrumentorum</span> <span class='ocrx_word' id='word_1_59' title='bbox 695 1195 726 1250; x_wconf 94' lang='lat' dir='ltr'>in</span> <span class='ocrx_word' id='word_1_60' title='bbox 748 1195 888 1252; x_wconf 88' lang='lat' dir='ltr'>oratione</span> <span class='ocrx_word' id='word_1_61' title='bbox 901 1193 1088 1250; x_wconf 88' lang='lat' dir='ltr'>Macartatea</span> <span class='ocrx_word' id='word_1_62' title='bbox 1103 1210 1279 1268; x_wconf 86' lang='lat' dir='ltr'>germanam</span> <span class='ocrx_word' id='word_1_63' title='bbox 1293 1194 1426 1249; x_wconf 89' lang='lat' dir='ltr'>auctori-</span> 
     </span>
     <span class='ocr_line' id='line_1_10' title="bbox 319 1296 998 1364; baseline 0.001 -10"><span class='ocrx_word' id='word_1_64' title='bbox 319 1306 412 1364; x_wconf 82' lang='lat' dir='ltr'>tatem</span> <span class='ocrx_word' id='word_1_65' title='bbox 434 1305 466 1353; x_wconf 92' lang='lat' dir='ltr'>et</span> <span class='ocrx_word' id='word_1_66' title='bbox 487 1297 579 1354; x_wconf 88' lang='lat' dir='ltr'>fidem</span> <span class='ocrx_word' id='word_1_67' title='bbox 602 1296 767 1356; x_wconf 88' lang='lat' dir='ltr'>ostendere</span> <span class='ocrx_word' id='word_1_68' title='bbox 789 1303 920 1352; x_wconf 90' lang='lat' dir='ltr'>conatus</span> <span class='ocrx_word' id='word_1_69' title='bbox 942 1303 998 1355; x_wconf 89' lang='lat' dir='ltr'>est.</span> 
     </span>
    </p>

    <p class='ocr_par' dir='ltr' id='par_1_4' title="bbox 321 1395 1434 2269">
     <span class='ocr_line' id='line_1_11' title="bbox 401 1395 1425 1470; baseline -0.005 -14"><span class='ocrx_word' id='word_1_70' title='bbox 401 1398 560 1470; x_wconf 89' lang='lat' dir='ltr'>Quoniam</span> <span class='ocrx_word' id='word_1_71' title='bbox 589 1406 690 1454; x_wconf 88' lang='lat' dir='ltr'>autern</span> <span class='ocrx_word' id='word_1_72' title='bbox 718 1404 838 1470; x_wconf 88' lang='lat' dir='ltr'>praeter</span> <span class='ocrx_word' id='word_1_73' title='bbox 865 1396 922 1454; x_wconf 90' lang='lat' dir='ltr'>hos</span> <span class='ocrx_word' id='word_1_74' title='bbox 956 1397 1035 1452; x_wconf 89' lang='lat' dir='ltr'>viros</span> <span class='ocrx_word' id='word_1_75' title='bbox 1062 1396 1260 1454; x_wconf 91' lang='lat' dir='ltr'>doctissimos</span> <span class='ocrx_word' id='word_1_76' title='bbox 1287 1395 1367 1453; x_wconf 90' lang='lat' dir='ltr'>hanc</span> <span class='ocrx_word' id='word_1_77' title='bbox 1393 1397 1425 1453; x_wconf 93' lang='lat' dir='ltr'>in</span> 
     </span>
     <span class='ocr_line' id='line_1_12' title="bbox 321 1498 1427 1581; baseline -0.002 -25"><span class='ocrx_word' id='word_1_78' title='bbox 321 1519 387 1556; x_wconf 88' lang='lat' dir='ltr'>rem</span> <span class='ocrx_word' id='word_1_79' title='bbox 418 1518 510 1557; x_wconf 89' lang='lat' dir='ltr'>nerno</span> <span class='ocrx_word' id='word_1_80' title='bbox 545 1499 700 1574; x_wconf 83' lang='lat' dir='ltr'>inquisivit</span> <span class='ocrx_word' id='word_1_81' title='bbox 733 1516 835 1574; x_wconf 92' lang='lat' dir='ltr'>neque</span> <span class='ocrx_word' id='word_1_82' title='bbox 872 1499 912 1556; x_wconf 93' lang='lat' dir='ltr'>de</span> <span class='ocrx_word' id='word_1_83' title='bbox 946 1499 1063 1572; x_wconf 83' lang='lat' dir='ltr'>legum,</span> <span class='ocrx_word' id='word_1_84' title='bbox 1097 1498 1320 1581; x_wconf 86' lang='lat' dir='ltr'>decretorum,¹</span> <span class='ocrx_word' id='word_1_85' title='bbox 1342 1499 1427 1554; x_wconf 89' lang='lat' dir='ltr'>testi·</span> 
     </span>
     <span class='ocr_line' id='line_1_13' title="bbox 321 1600 1426 1675; baseline -0.002 -17"><span class='ocrx_word' id='word_1_86' title='bbox 321 1603 496 1658; x_wconf 82' lang='lat' dir='ltr'>nroniorum</span> <span class='ocrx_word' id='word_1_87' title='bbox 519 1601 665 1669; x_wconf 85' lang='lat' dir='ltr'>formulis,</span> <span class='ocrx_word' id='word_1_88' title='bbox 687 1619 765 1675; x_wconf 91' lang='lat' dir='ltr'>quae</span> <span class='ocrx_word' id='word_1_89' title='bbox 788 1601 819 1656; x_wconf 90' lang='lat' dir='ltr'>in</span> <span class='ocrx_word' id='word_1_90' title='bbox 841 1600 964 1675; x_wconf 87' lang='lat' dir='ltr'>reliquis</span> <span class='ocrx_word' id='word_1_91' title='bbox 986 1600 1178 1656; x_wconf 86' lang='lat' dir='ltr'>orationibus</span> <span class='ocrx_word' id='word_1_92' title='bbox 1201 1607 1335 1669; x_wconf 86' lang='lat' dir='ltr'>exstant,</span> <span class='ocrx_word' id='word_1_93' title='bbox 1355 1608 1426 1673; x_wconf 87' lang='lat' dir='ltr'>post</span> 
     </span>
     <span class='ocr_line' id='line_1_14' title="bbox 321 1702 1426 1776; baseline -0.002 -16"><span class='ocrx_word' id='word_1_94' title='bbox 321 1703 544 1761; x_wconf 88' lang='lat' dir='ltr'>Westermanni</span> <span class='ocrx_word' id='word_1_95' title='bbox 570 1703 847 1760; x_wconf 90' lang='lat' dir='ltr'>commentationes</span> <span class='ocrx_word' id='word_1_96' title='bbox 874 1703 1042 1776; x_wconf 87' lang='lat' dir='ltr'>quidquam</span> <span class='ocrx_word' id='word_1_97' title='bbox 1064 1703 1096 1758; x_wconf 90' lang='lat' dir='ltr'>in</span> <span class='ocrx_word' id='word_1_98' title='bbox 1117 1702 1253 1759; x_wconf 89' lang='lat' dir='ltr'>medium</span> <span class='ocrx_word' id='word_1_99' title='bbox 1275 1703 1426 1776; x_wconf 89' lang='lat' dir='ltr'>prolatum</span> 
     </span>
     <span class='ocr_line' id='line_1_15' title="bbox 322 1803 1426 1878; baseline -0.003 -16"><span class='ocrx_word' id='word_1_100' title='bbox 322 1814 381 1875; x_wconf 88' lang='lat' dir='ltr'>est,</span> <span class='ocrx_word' id='word_1_101' title='bbox 403 1807 445 1862; x_wconf 88' lang='lat' dir='ltr'>ita</span> <span class='ocrx_word' id='word_1_102' title='bbox 467 1814 500 1861; x_wconf 89' lang='lat' dir='ltr'>ut</span> <span class='ocrx_word' id='word_1_103' title='bbox 521 1822 605 1861; x_wconf 92' lang='lat' dir='ltr'>nunc</span> <span class='ocrx_word' id='word_1_104' title='bbox 626 1804 753 1878; x_wconf 92' lang='lat' dir='ltr'>quidem</span> <span class='ocrx_word' id='word_1_105' title='bbox 773 1805 925 1878; x_wconf 88' lang='lat' dir='ltr'>plerisque</span> <span class='ocrx_word' id='word_1_106' title='bbox 945 1821 981 1860; x_wconf 90' lang='lat' dir='ltr'>ac</span> <span class='ocrx_word' id='word_1_107' title='bbox 1002 1804 1130 1859; x_wconf 86' lang='lat' dir='ltr'>maxime</span> <span class='ocrx_word' id='word_1_108' title='bbox 1158 1804 1345 1872; x_wconf 87' lang='lat' dir='ltr'>editoribus,</span> <span class='ocrx_word' id='word_1_109' title='bbox 1375 1803 1426 1878; x_wconf 94' lang='lat' dir='ltr'>qui</span> 
     </span>
     <span class='ocr_line' id='line_1_16' title="bbox 322 1904 1426 1979; baseline -0.003 -15"><span class='ocrx_word' id='word_1_110' title='bbox 322 1909 410 1968; x_wconf 83' lang='lat' dir='ltr'>uncis</span> <span class='ocrx_word' id='word_1_111' title='bbox 434 1925 452 1962; x_wconf 89' lang='lat' dir='ltr'>a</span> <span class='ocrx_word' id='word_1_112' title='bbox 479 1913 562 1963; x_wconf 87' lang='lat' dir='ltr'>textu</span> <span class='ocrx_word' id='word_1_113' title='bbox 585 1906 732 1962; x_wconf 90' lang='lat' dir='ltr'>orationis</span> <span class='ocrx_word' id='word_1_114' title='bbox 756 1905 956 1975; x_wconf 84' lang='lat' dir='ltr'>secluserunt,</span> <span class='ocrx_word' id='word_1_115' title='bbox 979 1905 1152 1979; x_wconf 88' lang='lat' dir='ltr'>suppositas</span> <span class='ocrx_word' id='word_1_116' title='bbox 1174 1904 1238 1961; x_wconf 92' lang='lat' dir='ltr'>illas</span> <span class='ocrx_word' id='word_1_117' title='bbox 1261 1923 1329 1962; x_wconf 89' lang='lat' dir='ltr'>esse</span> <span class='ocrx_word' id='word_1_118' title='bbox 1351 1922 1426 1961; x_wconf 92' lang='lat' dir='ltr'>con·</span> 
     </span>
     <span class='ocr_line' id='line_1_17' title="bbox 325 2007 1428 2081; baseline -0.004 -15"><span class='ocrx_word' id='word_1_119' title='bbox 325 2018 397 2077; x_wconf 92' lang='lat' dir='ltr'>stet,</span> <span class='ocrx_word' id='word_1_120' title='bbox 420 2007 548 2066; x_wconf 88' lang='lat' dir='ltr'>sortasse</span> <span class='ocrx_word' id='word_1_121' title='bbox 571 2025 684 2081; x_wconf 88' lang='lat' dir='ltr'>operae</span> <span class='ocrx_word' id='word_1_122' title='bbox 706 2008 836 2080; x_wconf 92' lang='lat' dir='ltr'>pretium</span> <span class='ocrx_word' id='word_1_123' title='bbox 858 2008 914 2062; x_wconf 89' lang='lat' dir='ltr'>erit</span> <span class='ocrx_word' id='word_1_124' title='bbox 933 2007 1149 2062; x_wconf 86' lang='lat' dir='ltr'>nonnullarum</span> <span class='ocrx_word' id='word_1_125' title='bbox 1172 2008 1344 2064; x_wconf 88' lang='lat' dir='ltr'>orationum</span> <span class='ocrx_word' id='word_1_126' title='bbox 1371 2008 1428 2063; x_wconf 87' lang='lat' dir='ltr'>litis</span> 
     </span>
     <span class='ocr_line' id='line_1_18' title="bbox 321 2108 1434 2185; baseline -0.001 -18"><span class='ocrx_word' id='word_1_127' title='bbox 321 2113 539 2178; x_wconf 88' lang='lat' dir='ltr'>instrumenta,</span> <span class='ocrx_word' id='word_1_128' title='bbox 570 2111 602 2166; x_wconf 91' lang='lat' dir='ltr'>in</span> <span class='ocrx_word' id='word_1_129' title='bbox 633 2127 712 2185; x_wconf 89' lang='lat' dir='ltr'>quae</span> <span class='ocrx_word' id='word_1_130' title='bbox 736 2108 985 2166; x_wconf 88' lang='lat' dir='ltr'>Westermannus</span> <span class='ocrx_word' id='word_1_131' title='bbox 1017 2117 1178 2182; x_wconf 85' lang='lat' dir='ltr'>tantopere</span> <span class='ocrx_word' id='word_1_132' title='bbox 1210 2110 1348 2166; x_wconf 90' lang='lat' dir='ltr'>invectus</span> <span class='ocrx_word' id='word_1_133' title='bbox 1373 2118 1434 2185; x_wconf 85' lang='lat' dir='ltr'>est,¹</span> 
     </span>
     <span class='ocr_line' id='line_1_19' title="bbox 323 2213 633 2269; baseline -0.003 0"><span class='ocrx_word' id='word_1_134' title='bbox 323 2216 429 2269; x_wconf 88' lang='lat' dir='ltr'>denuo</span> <span class='ocrx_word' id='word_1_135' title='bbox 452 2213 633 2268; x_wconf 87' lang='lat' dir='ltr'>examinare.</span> 
     </span>
    </p>

    <p class='ocr_par' dir='ltr' id='par_1_5' title="bbox 322 2311 1429 2693">
     <span class='ocr_line' id='line_1_20' title="bbox 403 2311 1428 2389; baseline -0.003 -19"><span class='ocrx_word' id='word_1_136' title='bbox 403 2317 502 2389; x_wconf 88' lang='lat' dir='ltr'>Atque</span> <span class='ocrx_word' id='word_1_137' title='bbox 525 2314 655 2371; x_wconf 90' lang='lat' dir='ltr'>duarum</span> <span class='ocrx_word' id='word_1_138' title='bbox 678 2314 851 2368; x_wconf 89' lang='lat' dir='ltr'>orationum</span> <span class='ocrx_word' id='word_1_139' title='bbox 873 2311 1181 2369; x_wconf 79' lang='lat' dir='ltr'>Dernostlrenicarum</span> <span class='ocrx_word' id='word_1_140' title='bbox 1203 2311 1349 2369; x_wconf 88' lang='lat' dir='ltr'>formulas</span> <span class='ocrx_word' id='word_1_141' title='bbox 1370 2312 1428 2368; x_wconf 88' lang='lat' dir='ltr'>hae</span> 
     </span>
     <span class='ocr_line' id='line_1_21' title="bbox 322 2413 1427 2488; baseline -0.004 -16"><span class='ocrx_word' id='word_1_142' title='bbox 322 2419 352 2473; x_wconf 93' lang='lat' dir='ltr'>in</span> <span class='ocrx_word' id='word_1_143' title='bbox 365 2418 626 2472; x_wconf 85' lang='lat' dir='ltr'>commentatione</span> <span class='ocrx_word' id='word_1_144' title='bbox 640 2415 870 2488; x_wconf 85' lang='lat' dir='ltr'>pertractandas</span> <span class='ocrx_word' id='word_1_145' title='bbox 883 2413 956 2473; x_wconf 89' lang='lat' dir='ltr'>mihi</span> <span class='ocrx_word' id='word_1_146' title='bbox 968 2415 1126 2488; x_wconf 84' lang='lat' dir='ltr'>proposui,</span> <span class='ocrx_word' id='word_1_147' title='bbox 1148 2414 1295 2470; x_wconf 90' lang='lat' dir='ltr'>orationis</span> <span class='ocrx_word' id='word_1_148' title='bbox 1306 2413 1427 2482; x_wconf 84' lang='lat' dir='ltr'>XXXV,</span> 
     </span>
     <span class='ocr_line' id='line_1_22' title="bbox 323 2515 1429 2592; baseline -0.003 -18"><span class='ocrx_word' id='word_1_149' title='bbox 323 2537 402 2592; x_wconf 91' lang='lat' dir='ltr'>quae</span> <span class='ocrx_word' id='word_1_150' title='bbox 429 2526 474 2574; x_wconf 84' lang='lat' dir='ltr'>est</span> <span class='ocrx_word' id='word_1_151' title='bbox 502 2517 708 2574; x_wconf 78' lang='lat' dir='ltr'>in&#39;Laeritum</span> <span class='ocrx_word' id='word_1_152' title='bbox 738 2524 768 2572; x_wconf 88' lang='lat' dir='ltr'>et</span> <span class='ocrx_word' id='word_1_153' title='bbox 796 2517 942 2572; x_wconf 86' lang='lat' dir='ltr'>orationis</span> <span class='ocrx_word' id='word_1_154' title='bbox 963 2515 1062 2584; x_wconf 92' lang='lat' dir='ltr'>XLV,</span> <span class='ocrx_word' id='word_1_155' title='bbox 1092 2534 1171 2590; x_wconf 92' lang='lat' dir='ltr'>quae</span> <span class='ocrx_word' id='word_1_156' title='bbox 1200 2524 1246 2572; x_wconf 88' lang='lat' dir='ltr'>est</span> <span class='ocrx_word' id='word_1_157' title='bbox 1270 2518 1351 2590; x_wconf 93' lang='lat' dir='ltr'>prior</span> <span class='ocrx_word' id='word_1_158' title='bbox 1373 2517 1429 2571; x_wconf 93' lang='lat' dir='ltr'>ad·</span> 
     </span>
     <span class='ocr_line' id='line_1_23' title="bbox 323 2619 649 2693; baseline 0.003 -17"><span class='ocrx_word' id='word_1_159' title='bbox 323 2639 428 2677; x_wconf 86' lang='lat' dir='ltr'>versus</span> <span class='ocrx_word' id='word_1_160' title='bbox 451 2619 649 2693; x_wconf 87' lang='lat' dir='ltr'>Stephanum.</span> 
     </span>
    </p>

    <p class='ocr_par' dir='ltr' id='par_1_6' title="bbox 323 2721 1431 3694">
     <span class='ocr_line' id='line_1_24' title="bbox 403 2721 1428 2796; baseline -0.002 -18"><span class='ocrx_word' id='word_1_161' title='bbox 403 2722 466 2778; x_wconf 88' lang='lat' dir='ltr'>Sed</span> <span class='ocrx_word' id='word_1_162' title='bbox 500 2723 681 2796; x_wconf 88' lang='lat' dir='ltr'>priusquam·</span> <span class='ocrx_word' id='word_1_163' title='bbox 714 2721 754 2776; x_wconf 93' lang='lat' dir='ltr'>ad</span> <span class='ocrx_word' id='word_1_164' title='bbox 791 2738 855 2776; x_wconf 91' lang='lat' dir='ltr'>rem</span> <span class='ocrx_word' id='word_1_165' title='bbox 891 2722 988 2795; x_wconf 85' lang='lat' dir='ltr'>ipsam</span> <span class='ocrx_word' id='word_1_166' title='bbox 1020 2722 1221 2790; x_wconf 88' lang='lat' dir='ltr'>accedamus,</span> <span class='ocrx_word' id='word_1_167' title='bbox 1260 2738 1359 2795; x_wconf 91' lang='lat' dir='ltr'>pauca</span> <span class='ocrx_word' id='word_1_168' title='bbox 1387 2722 1428 2778; x_wconf 93' lang='lat' dir='ltr'>de</span> 
     </span>
     <span class='ocr_line' id='line_1_25' title="bbox 324 2809 1427 2898; baseline -0.002 -18"><span class='ocrx_word' id='word_1_169' title='bbox 324 2825 442 2898; x_wconf 79' lang='lat' dir='ltr'>origine</span> <span class='ocrx_word' id='word_1_170' title='bbox 473 2823 579 2882; x_wconf 80' lang='lat' dir='ltr'>irarum</span> <span class='ocrx_word' id='word_1_171' title='bbox 607 2822 803 2878; x_wconf 80' lang='lat' dir='ltr'>formularum</span> <span class='ocrx_word' id='word_1_172' title='bbox 834 2824 1065 2896; x_wconf 86' lang='lat' dir='ltr'>praemonenda</span> <span class='ocrx_word' id='word_1_173' title='bbox 1100 2809 1178 2881; x_wconf 88' lang='lat' dir='ltr'>sunt.</span> <span class='ocrx_word' id='word_1_174' title='bbox 1228 2821 1299 2893; x_wconf 88' lang='lat' dir='ltr'>Qua</span> <span class='ocrx_word' id='word_1_175' title='bbox 1325 2825 1365 2879; x_wconf 87' lang='lat' dir='ltr'>de</span> <span class='ocrx_word' id='word_1_176' title='bbox 1396 2841 1427 2878; x_wconf 88' lang='lat' dir='ltr'>re</span> 
     </span>
     <span class='ocr_line' id='line_1_26' title="bbox 324 2901 1428 3002; baseline -0.002 -20"><span class='ocrx_word' id='word_1_177' title='bbox 324 2945 392 2984; x_wconf 89' lang='lat' dir='ltr'>curn</span> <span class='ocrx_word' id='word_1_178' title='bbox 414 2925 460 3002; x_wconf 86' lang='lat' dir='ltr'>Jo.</span> <span class='ocrx_word' id='word_1_179' title='bbox 484 2923 522 2985; x_wconf 86' lang='lat' dir='ltr'>G.</span> <span class='ocrx_word' id='word_1_180' title='bbox 544 2921 755 2999; x_wconf 83' lang='lat' dir='ltr'>Droysenius³</span> <span class='ocrx_word' id='word_1_181' title='bbox 788 2930 818 2980; x_wconf 90' lang='lat' dir='ltr'>et</span> <span class='ocrx_word' id='word_1_182' title='bbox 838 2921 1097 2992; x_wconf 81' lang='lat' dir='ltr'>Wachhoitzius⁴,</span> <span class='ocrx_word' id='word_1_183' title='bbox 1125 2925 1236 2998; x_wconf 92' lang='lat' dir='ltr'>quibus</span> <span class='ocrx_word' id='word_1_184' title='bbox 1257 2913 1293 2981; x_wconf 63' lang='lat' dir='ltr'>in&#39;</span> <span class='ocrx_word' id='word_1_185' title='bbox 1310 2901 1428 2980; x_wconf 84' lang='lat' dir='ltr'>summa</span> 
     </span>
     <span class='ocr_line' id='line_1_27' title="bbox 323 3025 1428 3102; baseline -0.002 -18"><span class='ocrx_word' id='word_1_186' title='bbox 323 3047 423 3100; x_wconf 86' lang='lat' dir='ltr'>rerum</span> <span class='ocrx_word' id='word_1_187' title='bbox 455 3027 639 3102; x_wconf 88' lang='lat' dir='ltr'>adstipulor,</span> <span class='ocrx_word' id='word_1_188' title='bbox 682 3026 805 3082; x_wconf 91' lang='lat' dir='ltr'>uberius</span> <span class='ocrx_word' id='word_1_189' title='bbox 835 3025 1048 3094; x_wconf 89' lang='lat' dir='ltr'>disseruerint,</span> <span class='ocrx_word' id='word_1_190' title='bbox 1078 3026 1214 3100; x_wconf 88' lang='lat' dir='ltr'>pluribus</span> <span class='ocrx_word' id='word_1_191' title='bbox 1244 3027 1342 3082; x_wconf 91' lang='lat' dir='ltr'>verbis</span> <span class='ocrx_word' id='word_1_192' title='bbox 1370 3025 1428 3082; x_wconf 91' lang='lat' dir='ltr'>hoc</span> 
     </span>
     <span class='ocr_line' id='line_1_28' title="bbox 324 3126 1429 3204; baseline -0.004 -18"><span class='ocrx_word' id='word_1_193' title='bbox 324 3131 394 3186; x_wconf 89' lang='lat' dir='ltr'>loco</span> <span class='ocrx_word' id='word_1_194' title='bbox 417 3131 619 3204; x_wconf 89' lang='lat' dir='ltr'>supersedere</span> <span class='ocrx_word' id='word_1_195' title='bbox 641 3127 713 3184; x_wconf 91' lang='lat' dir='ltr'>mihi</span> <span class='ocrx_word' id='word_1_196' title='bbox 735 3129 852 3185; x_wconf 90' lang='lat' dir='ltr'>videor.</span> <span class='ocrx_word' id='word_1_197' title='bbox 894 3128 940 3184; x_wconf 91' lang='lat' dir='ltr'>Ac</span> <span class='ocrx_word' id='word_1_198' title='bbox 961 3127 1056 3183; x_wconf 89' lang='lat' dir='ltr'>tribus</span> <span class='ocrx_word' id='word_1_199' title='bbox 1076 3128 1207 3184; x_wconf 86' lang='lat' dir='ltr'>maxime</span> <span class='ocrx_word' id='word_1_200' title='bbox 1225 3130 1327 3184; x_wconf 90' lang='lat' dir='ltr'>modis</span> <span class='ocrx_word' id='word_1_201' title='bbox 1353 3126 1429 3184; x_wconf 89' lang='lat' dir='ltr'>haec</span> 
     </span>
     <span class='ocr_line' id='line_1_29' title="bbox 329 3229 1431 3302; baseline -0.003 -14"><span class='ocrx_word' id='word_1_202' title='bbox 329 3233 386 3288; x_wconf 87' lang='lat' dir='ltr'>litis</span> <span class='ocrx_word' id='word_1_203' title='bbox 409 3233 611 3287; x_wconf 86' lang='lat' dir='ltr'>instrumenta</span> <span class='ocrx_word' id='word_1_204' title='bbox 634 3231 665 3285; x_wconf 92' lang='lat' dir='ltr'>in</span> <span class='ocrx_word' id='word_1_205' title='bbox 693 3238 806 3286; x_wconf 85' lang='lat' dir='ltr'>textum</span> <span class='ocrx_word' id='word_1_206' title='bbox 834 3229 981 3285; x_wconf 89' lang='lat' dir='ltr'>orationis</span> <span class='ocrx_word' id='word_1_207' title='bbox 1010 3229 1102 3284; x_wconf 88' lang='lat' dir='ltr'>inseri</span> <span class='ocrx_word' id='word_1_208' title='bbox 1128 3230 1265 3302; x_wconf 88' lang='lat' dir='ltr'>potuisse</span> <span class='ocrx_word' id='word_1_209' title='bbox 1292 3231 1431 3286; x_wconf 89' lang='lat' dir='ltr'>iudican-</span> 
     </span>
     <span class='ocr_line' id='line_1_30' title="bbox 325 3330 1429 3404; baseline -0.001 -16"><span class='ocrx_word' id='word_1_210' title='bbox 325 3334 399 3388; x_wconf 90' lang='lat' dir='ltr'>dum</span> <span class='ocrx_word' id='word_1_211' title='bbox 427 3333 496 3400; x_wconf 89' lang='lat' dir='ltr'>erit;</span> <span class='ocrx_word' id='word_1_212' title='bbox 528 3337 581 3386; x_wconf 89' lang='lat' dir='ltr'>aut</span> <span class='ocrx_word' id='word_1_213' title='bbox 611 3333 691 3386; x_wconf 86' lang='lat' dir='ltr'>enirn</span> <span class='ocrx_word' id='word_1_214' title='bbox 719 3332 757 3387; x_wconf 88' lang='lat' dir='ltr'>ab</span> <span class='ocrx_word' id='word_1_215' title='bbox 784 3349 823 3386; x_wconf 89' lang='lat' dir='ltr'>eo</span> <span class='ocrx_word' id='word_1_216' title='bbox 854 3331 938 3404; x_wconf 89' lang='lat' dir='ltr'>ipse,</span> <span class='ocrx_word' id='word_1_217' title='bbox 963 3331 1013 3404; x_wconf 94' lang='lat' dir='ltr'>qui</span> <span class='ocrx_word' id='word_1_218' title='bbox 1044 3330 1219 3402; x_wconf 88' lang='lat' dir='ltr'>composuit</span> <span class='ocrx_word' id='word_1_219' title='bbox 1249 3333 1429 3399; x_wconf 89' lang='lat' dir='ltr'>orationem,</span> 
     </span>
     <span class='ocr_line' id='line_1_31' title="bbox 326 3419 1429 3507; baseline -0.003 -17"><span class='ocrx_word' id='word_1_220' title='bbox 326 3435 507 3507; x_wconf 90' lang='lat' dir='ltr'>interposita</span> <span class='ocrx_word' id='word_1_221' title='bbox 533 3439 597 3488; x_wconf 90' lang='lat' dir='ltr'>aut.</span> <span class='ocrx_word' id='word_1_222' title='bbox 617 3419 654 3486; x_wconf 90' lang='lat' dir='ltr'>ab</span> <span class='ocrx_word' id='word_1_223' title='bbox 682 3431 806 3487; x_wconf 85' lang='lat' dir='ltr'>homine</span> <span class='ocrx_word' id='word_1_224' title='bbox 835 3432 930 3487; x_wconf 90' lang='lat' dir='ltr'>docto</span> <span class='ocrx_word' id='word_1_225' title='bbox 960 3432 1137 3487; x_wconf 91' lang='lat' dir='ltr'>recentioris</span> <span class='ocrx_word' id='word_1_226' title='bbox 1164 3432 1285 3500; x_wconf 76' lang='lat' dir='ltr'>aetatiS,</span> <span class='ocrx_word' id='word_1_227' title='bbox 1320 3433 1371 3505; x_wconf 92' lang='lat' dir='ltr'>qui</span> <span class='ocrx_word' id='word_1_228' title='bbox 1398 3433 1429 3487; x_wconf 94' lang='lat' dir='ltr'>in</span> 
     </span>
     <span class='ocr_line' id='line_1_32' title="bbox 327 3533 1431 3608; baseline -0.002 -17"><span class='ocrx_word' id='word_1_229' title='bbox 327 3535 481 3604; x_wconf 22' lang='lat' dir='ltr'>tabulario,</span> <span class='ocrx_word' id='word_1_230' title='bbox 499 3534 623 3608; x_wconf 88' lang='lat' dir='ltr'>publico</span> <span class='ocrx_word' id='word_1_231' title='bbox 652 3542 805 3589; x_wconf 79' lang='lat' dir='ltr'>asservata</span> <span class='ocrx_word' id='word_1_232' title='bbox 832 3533 1020 3601; x_wconf 90' lang='lat' dir='ltr'>inveniebat,</span> <span class='ocrx_word' id='word_1_233' title='bbox 1051 3533 1228 3590; x_wconf 87' lang='lat' dir='ltr'>intercalata</span> <span class='ocrx_word' id='word_1_234' title='bbox 1252 3542 1304 3590; x_wconf 91' lang='lat' dir='ltr'>ant</span> <span class='ocrx_word' id='word_1_235' title='bbox 1331 3551 1349 3589; x_wconf 90' lang='lat' dir='ltr'>a</span> <span class='ocrx_word' id='word_1_236' title='bbox 1377 3533 1431 3590; x_wconf 86' lang='lat' dir='ltr'>iai-</span> 
     </span>
     <span class='ocr_line' id='line_1_33' title="bbox 326 3633 1010 3694; baseline -0.003 -1"><span class='ocrx_word' id='word_1_237' title='bbox 326 3638 417 3693; x_wconf 84' lang='lat' dir='ltr'>sarie</span> <span class='ocrx_word' id='word_1_238' title='bbox 430 3637 498 3692; x_wconf 84' lang='lat' dir='ltr'>ficta·</span> <span class='ocrx_word' id='word_1_239' title='bbox 519 3643 549 3691; x_wconf 89' lang='lat' dir='ltr'>et</span> <span class='ocrx_word' id='word_1_240' title='bbox 570 3636 601 3690; x_wconf 92' lang='lat' dir='ltr'>in</span> <span class='ocrx_word' id='word_1_241' title='bbox 622 3641 736 3691; x_wconf 88' lang='lat' dir='ltr'>textum</span> <span class='ocrx_word' id='word_1_242' title='bbox 758 3633 909 3690; x_wconf 88' lang='lat' dir='ltr'>inculcata</span> <span class='ocrx_word' id='word_1_243' title='bbox 931 3641 1010 3694; x_wconf 89' lang='lat' dir='ltr'>sunt.</span> 
     </span>
    </p>
   </div>
   <div class='ocr_carea' id='block_1_3' title="bbox 327 3822 1434 4154">
    <p class='ocr_par' dir='ltr' id='par_1_7' title="bbox 327 3822 1434 3980">
     <span class='ocr_line' id='line_1_34' title="bbox 400 3822 1434 3894; baseline 0.001 -18"><span class='ocrx_word' id='word_1_244' title='bbox 400 3825 408 3862; x_wconf 83' lang='lat'>¹</span> <span class='ocrx_word' id='word_1_245' title='bbox 428 3830 470 3877; x_wconf 90' lang='lat' dir='ltr'>De</span> <span class='ocrx_word' id='word_1_246' title='bbox 490 3825 679 3892; x_wconf 86' lang='lat' dir='ltr'>Demophanti,</span> <span class='ocrx_word' id='word_1_247' title='bbox 700 3828 874 3886; x_wconf 76' lang='lat' dir='ltr'>PatroclidiS,</span> <span class='ocrx_word' id='word_1_248' title='bbox 896 3828 1029 3877; x_wconf 90' lang='lat' dir='ltr'>Tisameni</span> <span class='ocrx_word' id='word_1_249' title='bbox 1049 3829 1220 3893; x_wconf 82' lang='lat' dir='ltr'>populiscitis</span> <span class='ocrx_word' id='word_1_250' title='bbox 1245 3822 1298 3878; x_wconf 84' lang='lat' dir='ltr'>cet.</span> <span class='ocrx_word' id='word_1_251' title='bbox 1337 3827 1434 3894; x_wconf 53' lang='lat' dir='ltr'>(Boram</span> 
     </span>
     <span class='ocr_line' id='line_1_35' title="bbox 327 3917 480 3980; baseline -0.007 -16"><span class='ocrx_word' id='word_1_252' title='bbox 327 3917 375 3964; x_wconf 84' lang='lat' dir='ltr'>tini</span> <span class='ocrx_word' id='word_1_253' title='bbox 397 3917 480 3980; x_wconf 79' lang='lat'>1873).</span> 
     </span>
    </p>

    <p class='ocr_par' dir='ltr' id='par_1_8' title="bbox 328 4001 1433 4154">
     <span class='ocr_line' id='line_1_36' title="bbox 399 4001 1433 4066; baseline -0.002 -14"><span class='ocrx_word' id='word_1_254' title='bbox 399 4001 411 4040; x_wconf 73' lang='lat'><strong>2</strong></span> <span class='ocrx_word' id='word_1_255' title='bbox 432 4005 473 4052; x_wconf 87' lang='lat' dir='ltr'>De</span> <span class='ocrx_word' id='word_1_256' title='bbox 494 4004 549 4052; x_wconf 88' lang='lat' dir='ltr'>litis</span> <span class='ocrx_word' id='word_1_257' title='bbox 573 4003 755 4052; x_wconf 84' lang='lat' dir='ltr'>instrumentis</span> <span class='ocrx_word' id='word_1_258' title='bbox 772 4005 797 4052; x_wconf 92' lang='lat' dir='ltr'>in</span> <span class='ocrx_word' id='word_1_259' title='bbox 809 4002 999 4052; x_wconf 86' lang='lat' dir='ltr'>Demosthenis</span> <span class='ocrx_word' id='word_1_260' title='bbox 1019 4019 1085 4066; x_wconf 90' lang='lat' dir='ltr'>quae</span> <span class='ocrx_word' id='word_1_261' title='bbox 1107 4005 1190 4052; x_wconf 89' lang='lat' dir='ltr'>iertur</span> <span class='ocrx_word' id='word_1_262' title='bbox 1209 4013 1274 4056; x_wconf 88' lang='lat' dir='ltr'>orat.</span> <span class='ocrx_word' id='word_1_263' title='bbox 1295 4004 1322 4053; x_wconf 90' lang='lat' dir='ltr'>in</span> <span class='ocrx_word' id='word_1_264' title='bbox 1332 4005 1433 4052; x_wconf 86' lang='lat' dir='ltr'>Macar·</span> 
     </span>
     <span class='ocr_line' id='line_1_37' title="bbox 328 4091 647 4154; baseline 0 -14"><span class='ocrx_word' id='word_1_265' title='bbox 328 4099 419 4140; x_wconf 86' lang='lat' dir='ltr'>tatum.</span> <span class='ocrx_word' id='word_1_266' title='bbox 458 4092 549 4140; x_wconf 86' lang='lat' dir='ltr'>Kiiiae</span> <span class='ocrx_word' id='word_1_267' title='bbox 574 4091 647 4154; x_wconf 79' lang='lat'>1878.</span> 
     </span>
    </p>
   </div>
   <div class='ocr_carea' id='block_1_4' title="bbox 397 4177 668 4332">
    <p class='ocr_par' dir='ltr' id='par_1_9' title="bbox 397 4177 668 4332">
     <span class='ocr_line' id='line_1_38' title="bbox 398 4177 668 4244; baseline 0.007 -2"><span class='ocrx_word' id='word_1_268' title='bbox 398 4177 410 4214; x_wconf 77' lang='lat'>³</span> <span class='ocrx_word' id='word_1_269' title='bbox 428 4180 445 4228; x_wconf 86' lang='lat'>1·</span> <span class='ocrx_word' id='word_1_270' title='bbox 467 4195 489 4228; x_wconf 82' lang='lat' dir='ltr'>c·</span> <span class='ocrx_word' id='word_1_271' title='bbox 510 4195 535 4242; x_wconf 77' lang='lat' dir='ltr'>n·</span> <span class='ocrx_word' id='word_1_272' title='bbox 560 4189 608 4240; x_wconf 83' lang='lat'>539</span> <span class='ocrx_word' id='word_1_273' title='bbox 629 4194 668 4244; x_wconf 78' lang='lat' dir='ltr'>sn·</span> 
     </span>
     <span class='ocr_line' id='line_1_39' title="bbox 397 4264 631 4332; baseline 0 -18"><span class='ocrx_word' id='word_1_274' title='bbox 397 4264 410 4301; x_wconf 82' lang='lat'>4</span> <span class='ocrx_word' id='word_1_275' title='bbox 431 4266 448 4314; x_wconf 89' lang='lat' dir='ltr'>i.</span> <span class='ocrx_word' id='word_1_276' title='bbox 469 4283 491 4315; x_wconf 92' lang='lat' dir='ltr'>c.</span> <span class='ocrx_word' id='word_1_277' title='bbox 510 4283 536 4332; x_wconf 88' lang='lat' dir='ltr'>p.</span> <span class='ocrx_word' id='word_1_278' title='bbox 558 4267 573 4316; x_wconf 91' lang='lat'><strong>6</strong></span> <span class='ocrx_word' id='word_1_279' title='bbox 593 4282 631 4331; x_wconf 89' lang='lat' dir='ltr'>sq.</span> 
     </span>
    </p>
   </div>
   <div class='ocr_carea' id='block_1_5' title="bbox 0 0 1666 4894">
    <p class='ocr_par' dir='ltr' id='par_1_10' title="bbox 0 0 1666 4894">
     <span class='ocr_line' id='line_1_40' title="bbox 0 0 1666 4894; baseline 0 0"><span class='ocrx_word' id='word_1_280' title='bbox 0 0 1666 4894; x_wconf 95' lang='lat' dir='ltr'> </span> 
     </span>
    </p>
   </div>
  </div>
 </body>
</html>
