<?xml version="1.0" encoding="UTF-8"?>
<!DOCTYPE html PUBLIC "-//W3C//DTD XHTML 1.0 Transitional//EN"
    "http://www.w3.org/TR/xhtml1/DTD/xhtml1-transitional.dtd">
<html xmlns="http://www.w3.org/1999/xhtml" xml:lang="en" lang="en">
 <head>
  <title>
</title>
<meta http-equiv="Content-Type" content="text/html;charset=utf-8" />
  <meta name='ocr-system' content='tesseract 3.04.00' />
  <meta name='ocr-capabilities' content='ocr_page ocr_carea ocr_par ocr_line ocrx_word'/>
</head>
<body>
  <div class='ocr_page' id='page_1' title='image "./delitisinstrume01kircgoog_0052.png"; bbox 0 0 3302 4894; ppageno 0'>
   <div class='ocr_carea' id='block_1_1' title="bbox 774 393 812 452">
    <p class='ocr_par' dir='ltr' id='par_1_1' title="bbox 774 393 812 452">
     <span class='ocr_line' id='line_1_1' title="bbox 774 393 812 452; baseline 0 0"><span class='ocrx_word' id='word_1_1' title='bbox 774 393 812 452; x_wconf 83' lang='lat'><strong>²9</strong></span> 
     </span>
    </p>
   </div>
   <div class='ocr_carea' id='block_1_2' title="bbox 231 543 1337 1446">
    <p class='ocr_par' dir='ltr' id='par_1_2' title="bbox 231 543 1337 1446">
     <span class='ocr_line' id='line_1_2' title="bbox 232 543 1334 628; baseline -0.002 -12"><span class='ocrx_word' id='word_1_2' title='bbox 232 567 347 616; x_wconf 90' lang='lat' dir='ltr'><strong>vertere</strong></span> <span class='ocrx_word' id='word_1_3' title='bbox 366 560 464 628; x_wconf 91' lang='lat' dir='ltr'><strong>liceat,</strong></span> <span class='ocrx_word' id='word_1_4' title='bbox 487 559 612 615; x_wconf 89' lang='lat' dir='ltr'><strong>unicum</strong></span> <span class='ocrx_word' id='word_1_5' title='bbox 632 576 700 615; x_wconf 87' lang='lat' dir='ltr'><strong>esse</strong></span> <span class='ocrx_word' id='word_1_6' title='bbox 721 557 779 614; x_wconf 88' lang='lat' dir='ltr'><strong>hac</strong></span> <span class='ocrx_word' id='word_1_7' title='bbox 801 557 832 613; x_wconf 92' lang='lat' dir='ltr'><strong>in</strong></span> <span class='ocrx_word' id='word_1_8' title='bbox 851 556 990 614; x_wconf 90' lang='lat' dir='ltr'><strong>oratione</strong></span> <span class='ocrx_word' id='word_1_9' title='bbox 1013 557 1089 614; x_wconf 88' lang='lat' dir='ltr'><strong>illud</strong></span> <span class='ocrx_word' id='word_1_10' title='bbox 1113 543 1334 626; x_wconf 86' lang='lat' dir='ltr'><strong>testimonium,</strong></span> 
     </span>
     <span class='ocr_line' id='line_1_3' title="bbox 234 653 1336 736; baseline -0.002 -18"><span class='ocrx_word' id='word_1_11' title='bbox 234 663 320 719; x_wconf 89' lang='lat' dir='ltr'><strong>cuius</strong></span> <span class='ocrx_word' id='word_1_12' title='bbox 350 669 562 736; x_wconf 82' lang='lat' dir='ltr'><strong>argumentum</strong></span> <span class='ocrx_word' id='word_1_13' title='bbox 593 661 682 716; x_wconf 89' lang='lat' dir='ltr'><strong>etiam</strong></span> <span class='ocrx_word' id='word_1_14' title='bbox 712 659 822 716; x_wconf 89' lang='lat' dir='ltr'><strong>codice</strong></span> <span class='ocrx_word' id='word_1_15' title='bbox 852 653 879 716; x_wconf 87' lang='grc' dir='ltr'><strong>Σ</strong></span> <span class='ocrx_word' id='word_1_16' title='bbox 909 657 1074 716; x_wconf 84' lang='lat' dir='ltr'><strong>exhibetur.</strong></span> <span class='ocrx_word' id='word_1_17' title='bbox 1121 659 1184 715; x_wconf 88' lang='lat' dir='ltr'><strong>lam</strong></span> <span class='ocrx_word' id='word_1_18' title='bbox 1212 678 1336 734; x_wconf 90' lang='lat' dir='ltr'><strong>compa-</strong></span> 
     </span>
     <span class='ocr_line' id='line_1_4' title="bbox 232 756 1336 831; baseline -0.001 -13"><span class='ocrx_word' id='word_1_19' title='bbox 232 772 333 820; x_wconf 85' lang='lat' dir='ltr'>rantes</span> <span class='ocrx_word' id='word_1_20' title='bbox 356 764 481 819; x_wconf 90' lang='lat' dir='ltr'><strong>unicum</strong></span> <span class='ocrx_word' id='word_1_21' title='bbox 507 763 743 818; x_wconf 84' lang='lat' dir='ltr'><strong>instrumentum</strong></span> <span class='ocrx_word' id='word_1_22' title='bbox 765 762 913 817; x_wconf 91' lang='lat' dir='ltr'><strong>orationis</strong></span> <span class='ocrx_word' id='word_1_23' title='bbox 935 759 1061 831; x_wconf 88' lang='lat' dir='ltr'>XXXV,</span> <span class='ocrx_word' id='word_1_24' title='bbox 1092 762 1202 818; x_wconf 87' lang='lat' dir='ltr'><strong>codice</strong></span> <span class='ocrx_word' id='word_1_25' title='bbox 1225 756 1252 818; x_wconf 86' lang='grc' dir='ltr'><strong>Σ</strong></span> <span class='ocrx_word' id='word_1_26' title='bbox 1274 780 1336 819; x_wconf 89' lang='lat' dir='ltr'><strong>ser·</strong></span> 
     </span>
     <span class='ocr_line' id='line_1_5' title="bbox 233 863 1336 938; baseline -0.001 -19"><span class='ocrx_word' id='word_1_27' title='bbox 233 865 359 934; x_wconf 88' lang='lat' dir='ltr'><strong>vatum‚¹</strong></span> <span class='ocrx_word' id='word_1_28' title='bbox 381 882 451 921; x_wconf 92' lang='lat' dir='ltr'><strong>cum</strong></span> <span class='ocrx_word' id='word_1_29' title='bbox 471 864 539 933; x_wconf 89' lang='lat' dir='ltr'><strong>hoc,</strong></span> <span class='ocrx_word' id='word_1_30' title='bbox 565 872 726 938; x_wconf 88' lang='lat' dir='ltr'><strong>utrumque</strong></span> <span class='ocrx_word' id='word_1_31' title='bbox 743 863 840 920; x_wconf 85' lang='lat' dir='ltr'><strong>verbis</strong></span> <span class='ocrx_word' id='word_1_32' title='bbox 859 863 987 920; x_wconf 92' lang='lat' dir='ltr'><strong>oratoris</strong></span> <span class='ocrx_word' id='word_1_33' title='bbox 1003 863 1181 936; x_wconf 87' lang='lat' dir='ltr'><strong>interrumpi</strong></span> <span class='ocrx_word' id='word_1_34' title='bbox 1196 864 1336 919; x_wconf 92' lang='lat' dir='ltr'><strong>videmus</strong></span> 
     </span>
     <span class='ocr_line' id='line_1_6' title="bbox 235 964 1336 1041; baseline -0.001 -19"><span class='ocrx_word' id='word_1_35' title='bbox 235 975 265 1022; x_wconf 90' lang='lat' dir='ltr'><strong>et</strong></span> <span class='ocrx_word' id='word_1_36' title='bbox 291 967 387 1040; x_wconf 85' lang='lat' dir='ltr'><strong>magis</strong></span> <span class='ocrx_word' id='word_1_37' title='bbox 416 984 507 1041; x_wconf 88' lang='lat' dir='ltr'><strong>quam</strong></span> <span class='ocrx_word' id='word_1_38' title='bbox 543 967 617 1024; x_wconf 89' lang='lat' dir='ltr'><strong>alias</strong></span> <span class='ocrx_word' id='word_1_39' title='bbox 646 965 824 1022; x_wconf 89' lang='lat' dir='ltr'><strong>huiusmodi</strong></span> <span class='ocrx_word' id='word_1_40' title='bbox 860 964 1004 1022; x_wconf 87' lang='lat' dir='ltr'><strong>formulas</strong></span> <span class='ocrx_word' id='word_1_41' title='bbox 1036 982 1105 1020; x_wconf 92' lang='lat' dir='ltr'><strong>cum</strong></span> <span class='ocrx_word' id='word_1_42' title='bbox 1133 965 1231 1021; x_wconf 89' lang='lat' dir='ltr'><strong>verbis</strong></span> <span class='ocrx_word' id='word_1_43' title='bbox 1263 966 1336 1038; x_wconf 88' lang='lat' dir='ltr'><strong>ipsis</strong></span> 
     </span>
     <span class='ocr_line' id='line_1_7' title="bbox 232 1067 1337 1142; baseline -0.002 -19"><span class='ocrx_word' id='word_1_44' title='bbox 232 1069 361 1125; x_wconf 92' lang='lat' dir='ltr'><strong>oratoris</strong></span> <span class='ocrx_word' id='word_1_45' title='bbox 393 1067 568 1125; x_wconf 89' lang='lat' dir='ltr'><strong>cohaerere.</strong></span> <span class='ocrx_word' id='word_1_46' title='bbox 615 1067 721 1142; x_wconf 86' lang='lat' dir='ltr'><strong>Itaque</strong></span> <span class='ocrx_word' id='word_1_47' title='bbox 749 1067 936 1124; x_wconf 79' lang='lat' dir='ltr'><strong>concludere</strong></span> <span class='ocrx_word' id='word_1_48' title='bbox 963 1084 1028 1122; x_wconf 89' lang='lat' dir='ltr'><strong>non</strong></span> <span class='ocrx_word' id='word_1_49' title='bbox 1054 1067 1187 1122; x_wconf 87' lang='lat' dir='ltr'><strong>alienum</strong></span> <span class='ocrx_word' id='word_1_50' title='bbox 1217 1067 1337 1122; x_wconf 90' lang='lat' dir='ltr'><strong>videtur</strong></span> 
     </span>
     <span class='ocr_line' id='line_1_8' title="bbox 231 1162 1336 1244; baseline -0.002 -19"><span class='ocrx_word' id='word_1_51' title='bbox 231 1169 370 1244; x_wconf 86' lang='lat' dir='ltr'><strong>reliquas</strong></span> <span class='ocrx_word' id='word_1_52' title='bbox 397 1169 541 1226; x_wconf 86' lang='lat' dir='ltr'><strong>formulas</strong></span> <span class='ocrx_word' id='word_1_53' title='bbox 574 1169 741 1226; x_wconf 72' lang='lat' dir='ltr'><strong>a‘librario</strong></span> <span class='ocrx_word' id='word_1_54' title='bbox 776 1169 894 1225; x_wconf 89' lang='lat' dir='ltr'><strong>codicis</strong></span> <span class='ocrx_word' id='word_1_55' title='bbox 922 1162 949 1226; x_wconf 87' lang='grc' dir='ltr'>Σ</span> <span class='ocrx_word' id='word_1_56' title='bbox 982 1169 1111 1225; x_wconf 90' lang='lat' dir='ltr'><strong>omissas</strong></span> <span class='ocrx_word' id='word_1_57' title='bbox 1148 1185 1336 1235; x_wconf 38' lang='lat' dir='ltr'><strong>esse‚1cum</strong></span> 
     </span>
     <span class='ocr_line' id='line_1_9' title="bbox 233 1271 1334 1346; baseline -0.003 -18"><span class='ocrx_word' id='word_1_58' title='bbox 233 1290 295 1328; x_wconf 92' lang='lat' dir='ltr'><strong>non</strong></span> <span class='ocrx_word' id='word_1_59' title='bbox 321 1273 424 1346; x_wconf 86' lang='lat' dir='ltr'><strong>magni</strong></span> <span class='ocrx_word' id='word_1_60' title='bbox 450 1272 598 1328; x_wconf 86' lang='lat' dir='ltr'><strong>momenti</strong></span> <span class='ocrx_word' id='word_1_61' title='bbox 624 1272 664 1328; x_wconf 93' lang='lat' dir='ltr'><strong>ad</strong></span> <span class='ocrx_word' id='word_1_62' title='bbox 695 1271 866 1328; x_wconf 88' lang='lat' dir='ltr'><strong>orationem</strong></span> <span class='ocrx_word' id='word_1_63' title='bbox 887 1273 985 1345; x_wconf 88' lang='lat' dir='ltr'><strong>ipsam</strong></span> <span class='ocrx_word' id='word_1_64' title='bbox 1005 1271 1244 1344; x_wconf 83' lang='lat' dir='ltr'><strong>intellegendam</strong></span> <span class='ocrx_word' id='word_1_65' title='bbox 1266 1289 1334 1326; x_wconf 90' lang='lat' dir='ltr'><strong>esse</strong></span> 
     </span>
     <span class='ocr_line' id='line_1_10' title="bbox 231 1377 358 1446; baseline 0.055 -18"><span class='ocrx_word' id='word_1_66' title='bbox 231 1377 358 1446; x_wconf 85' lang='lat' dir='ltr'><strong>putaret.</strong></span> 
     </span>
    </p>
   </div>
   <div class='ocr_carea' id='block_1_3' title="bbox 313 1532 1337 1736">
    <p class='ocr_par' dir='ltr' id='par_1_3' title="bbox 313 1532 1337 1736">
     <span class='ocr_line' id='line_1_11' title="bbox 380 1532 784 1607; baseline 0.005 -19"><span class='ocrx_word' id='word_1_67' title='bbox 380 1549 408 1606; x_wconf 88' lang='lat'><strong>4.</strong></span> <span class='ocrx_word' id='word_1_68' title='bbox 430 1532 478 1589; x_wconf 91' lang='lat' dir='ltr'><strong>De</strong></span> <span class='ocrx_word' id='word_1_69' title='bbox 500 1532 677 1590; x_wconf 90' lang='lat' dir='ltr'><strong>testimonio</strong></span> <span class='ocrx_word' id='word_1_70' title='bbox 699 1536 714 1605; x_wconf 66' lang='lat'>5</span> <span class='ocrx_word' id='word_1_71' title='bbox 737 1548 784 1607; x_wconf 82' lang='lat'><strong>55.</strong></span> 
     </span>
     <span class='ocr_line' id='line_1_12' title="bbox 313 1647 1337 1736; baseline 0 -24"><span class='ocrx_word' id='word_1_72' title='bbox 313 1649 547 1713; x_wconf 79' lang='grc' dir='ltr'><strong>ΜΆΡΤΤΡΙΑ.</strong></span> <span class='ocrx_word' id='word_1_73' title='bbox 591 1651 701 1724; x_wconf 85' lang='grc' dir='ltr'><strong>Δεινίας</strong></span> <span class='ocrx_word' id='word_1_74' title='bbox 729 1647 917 1735; x_wconf 65' lang='grc' dir='ltr'>Θεομνήστου</span> <span class='ocrx_word' id='word_1_75' title='bbox 935 1648 1097 1736; x_wconf 75' lang='grc' dir='ltr'><strong>Ἀθμονεὺς</strong></span> <span class='ocrx_word' id='word_1_76' title='bbox 1119 1662 1259 1736; x_wconf 81' lang='grc' dir='ltr'><strong>μαρτυρεῖ</strong></span> <span class='ocrx_word' id='word_1_77' title='bbox 1282 1647 1337 1722; x_wconf 74' lang='grc' dir='ltr'><strong>τὴν</strong></span> 
     </span>
    </p>
   </div>
   <div class='ocr_carea' id='block_1_4' title="bbox 229 1745 1337 3673">
    <p class='ocr_par' dir='ltr' id='par_1_4' title="bbox 229 1745 1336 2044">
     <span class='ocr_line' id='line_1_13' title="bbox 234 1745 1335 1838; baseline 0.002 -26"><span class='ocrx_word' id='word_1_78' title='bbox 234 1751 392 1836; x_wconf 86' lang='grc' dir='ltr'><strong>θυγατέρα</strong></span> <span class='ocrx_word' id='word_1_79' title='bbox 419 1751 512 1815; x_wconf 81' lang='grc' dir='ltr'>αὑτοῦ</span> <span class='ocrx_word' id='word_1_80' title='bbox 541 1745 674 1816; x_wconf 63' lang='grc' dir='ltr'><strong>ἐκδοῦναι</strong></span> <span class='ocrx_word' id='word_1_81' title='bbox 698 1747 913 1836; x_wconf 75' lang='grc' dir='ltr'>Ἀπολλοδώρῳ</span> <span class='ocrx_word' id='word_1_82' title='bbox 944 1749 1027 1815; x_wconf 78' lang='grc' dir='ltr'><strong>κατὰ</strong></span> <span class='ocrx_word' id='word_1_83' title='bbox 1059 1749 1129 1825; x_wconf 81' lang='grc' dir='ltr'>τοὺς</span> <span class='ocrx_word' id='word_1_84' title='bbox 1154 1747 1257 1836; x_wconf 79' lang='grc' dir='ltr'>νόμους</span> <span class='ocrx_word' id='word_1_85' title='bbox 1282 1775 1335 1838; x_wconf 73' lang='grc' dir='ltr'><strong>γυ-</strong></span> 
     </span>
     <span class='ocr_line' id='line_1_14' title="bbox 231 1845 1336 1942; baseline 0.004 -28"><span class='ocrx_word' id='word_1_86' title='bbox 231 1863 318 1915; x_wconf 86' lang='grc' dir='ltr'><strong>ναῖκα</strong></span> <span class='ocrx_word' id='word_1_87' title='bbox 338 1857 424 1938; x_wconf 81' lang='grc' dir='ltr'><strong>ἔχειν,</strong></span> <span class='ocrx_word' id='word_1_88' title='bbox 446 1857 497 1917; x_wconf 87' lang='grc' dir='ltr'><strong>καὶ</strong></span> <span class='ocrx_word' id='word_1_89' title='bbox 517 1848 716 1938; x_wconf 73' lang='grc' dir='ltr'>μηδεπώποτε</span> <span class='ocrx_word' id='word_1_90' title='bbox 737 1855 975 1942; x_wconf 68' lang='grc' dir='ltr'><strong>παραγενέσθαι,</strong></span> <span class='ocrx_word' id='word_1_91' title='bbox 1003 1845 1079 1938; x_wconf 74' lang='grc' dir='ltr'>μηδὲ</span> <span class='ocrx_word' id='word_1_92' title='bbox 1100 1855 1263 1918; x_wconf 84' lang='grc' dir='ltr'><strong>αἰσθέσθαι</strong></span> <span class='ocrx_word' id='word_1_93' title='bbox 1284 1856 1336 1918; x_wconf 80' lang='grc' dir='ltr'><strong>ὅτε</strong></span> 
     </span>
     <span class='ocr_line' id='line_1_15' title="bbox 229 1949 1222 2044; baseline 0 -27"><span class='ocrx_word' id='word_1_94' title='bbox 229 1949 451 2041; x_wconf 76' lang='grc' dir='ltr'>Ἀπολλόδωρος</span> <span class='ocrx_word' id='word_1_95' title='bbox 473 1957 570 2043; x_wconf 79' lang='grc' dir='ltr'>ἀφῆκε</span> <span class='ocrx_word' id='word_1_96' title='bbox 591 1964 650 2020; x_wconf 82' lang='grc' dir='ltr'><strong>τῶν</strong></span> <span class='ocrx_word' id='word_1_97' title='bbox 672 1953 873 2044; x_wconf 78' lang='grc' dir='ltr'>ἐγκλημάτων</span> <span class='ocrx_word' id='word_1_98' title='bbox 894 1952 1222 2040; x_wconf 40' lang='grc' dir='ltr'><strong>άπάιιτωνιΦορμίωνα.</strong></span> 
     </span>
    </p>

    <p class='ocr_par' dir='ltr' id='par_1_5' title="bbox 231 2062 1337 2734">
     <span class='ocr_line' id='line_1_16' title="bbox 312 2062 1337 2141; baseline 0.004 -23"><span class='ocrx_word' id='word_1_99' title='bbox 312 2062 470 2134; x_wconf 85' lang='lat' dir='ltr'><strong>Quoniam</strong></span> <span class='ocrx_word' id='word_1_100' title='bbox 511 2071 614 2122; x_wconf 91' lang='lat' dir='ltr'><strong>orator</strong></span> <span class='ocrx_word' id='word_1_101' title='bbox 653 2067 685 2121; x_wconf 92' lang='lat' dir='ltr'><strong>in</strong></span> <span class='ocrx_word' id='word_1_102' title='bbox 722 2067 978 2123; x_wconf 86' lang='lat' dir='ltr'><strong>antecedentibus</strong></span> <span class='ocrx_word' id='word_1_103' title='bbox 1016 2067 1048 2138; x_wconf 63' lang='grc' dir='ltr'><strong>ἐξ</strong></span> <span class='ocrx_word' id='word_1_104' title='bbox 1084 2062 1132 2140; x_wconf 82' lang='grc'><strong>(53</strong></span> <span class='ocrx_word' id='word_1_105' title='bbox 1167 2063 1223 2141; x_wconf 90' lang='lat' dir='ltr'><strong>sq.)</strong></span> <span class='ocrx_word' id='word_1_106' title='bbox 1262 2065 1337 2121; x_wconf 89' lang='lat' dir='ltr'><strong>dixit</strong></span> 
     </span>
     <span class='ocr_line' id='line_1_17' title="bbox 234 2151 1336 2243; baseline 0.002 -23"><span class='ocrx_word' id='word_1_107' title='bbox 234 2164 421 2239; x_wconf 89' lang='lat' dir='ltr'><strong>Stephanum</strong></span> <span class='ocrx_word' id='word_1_108' title='bbox 460 2185 498 2223; x_wconf 90' lang='lat' dir='ltr'><strong>ne</strong></span> <span class='ocrx_word' id='word_1_109' title='bbox 533 2151 728 2242; x_wconf 87' lang='lat' dir='ltr'><strong>cognationis</strong></span> <span class='ocrx_word' id='word_1_110' title='bbox 757 2169 884 2243; x_wconf 85' lang='lat' dir='ltr'><strong>quidem</strong></span> <span class='ocrx_word' id='word_1_111' title='bbox 917 2169 1068 2224; x_wconf 86' lang='lat' dir='ltr'><strong>rationem</strong></span> <span class='ocrx_word' id='word_1_112' title='bbox 1101 2166 1243 2223; x_wconf 89' lang='lat' dir='ltr'><strong>habuisse</strong></span> <span class='ocrx_word' id='word_1_113' title='bbox 1279 2168 1336 2223; x_wconf 88' lang='lat' dir='ltr'><strong>sed</strong></span> 
     </span>
     <span class='ocr_line' id='line_1_18' title="bbox 232 2268 1336 2343; baseline 0.004 -22"><span class='ocrx_word' id='word_1_114' title='bbox 232 2268 366 2340; x_wconf 90' lang='lat' dir='ltr'><strong>quamvis</strong></span> <span class='ocrx_word' id='word_1_115' title='bbox 389 2275 484 2324; x_wconf 90' lang='lat' dir='ltr'><strong>mater</strong></span> <span class='ocrx_word' id='word_1_116' title='bbox 503 2269 591 2326; x_wconf 90' lang='lat' dir='ltr'><strong>istius</strong></span> <span class='ocrx_word' id='word_1_117' title='bbox 612 2281 695 2326; x_wconf 87' lang='lat' dir='ltr'><strong>esset</strong></span> <span class='ocrx_word' id='word_1_118' title='bbox 718 2289 806 2327; x_wconf 88' lang='lat' dir='ltr'><strong>soror</strong></span> <span class='ocrx_word' id='word_1_119' title='bbox 827 2269 952 2339; x_wconf 87' lang='lat' dir='ltr'><strong>Diniae,</strong></span> <span class='ocrx_word' id='word_1_120' title='bbox 984 2270 1015 2326; x_wconf 90' lang='lat' dir='ltr'><strong>id</strong></span> <span class='ocrx_word' id='word_1_121' title='bbox 1043 2278 1089 2326; x_wconf 92' lang='lat' dir='ltr'><strong>est</strong></span> <span class='ocrx_word' id='word_1_122' title='bbox 1115 2270 1207 2343; x_wconf 91' lang='lat' dir='ltr'><strong>patris</strong></span> <span class='ocrx_word' id='word_1_123' title='bbox 1234 2270 1336 2325; x_wconf 88' lang='lat' dir='ltr'><strong>uxoris</strong></span> 
     </span>
     <span class='ocr_line' id='line_1_19' title="bbox 231 2369 1336 2446; baseline 0.002 -22"><span class='ocrx_word' id='word_1_124' title='bbox 231 2369 325 2442; x_wconf 91' lang='lat' dir='ltr'><strong>ipsius</strong></span> <span class='ocrx_word' id='word_1_125' title='bbox 346 2387 386 2428; x_wconf 90' lang='lat' dir='ltr'><strong>sc.</strong></span> <span class='ocrx_word' id='word_1_126' title='bbox 401 2369 610 2444; x_wconf 74' lang='grc' dir='ltr'><strong>Αροθοιίοιι,2</strong></span> <span class='ocrx_word' id='word_1_127' title='bbox 633 2390 745 2446; x_wconf 89' lang='lat' dir='ltr'><strong>neque</strong></span> <span class='ocrx_word' id='word_1_128' title='bbox 758 2373 887 2429; x_wconf 90' lang='lat' dir='ltr'><strong>veritum</strong></span> <span class='ocrx_word' id='word_1_129' title='bbox 908 2390 976 2429; x_wconf 87' lang='lat' dir='ltr'><strong>esse</strong></span> <span class='ocrx_word' id='word_1_130' title='bbox 998 2371 1106 2428; x_wconf 84' lang='lat' dir='ltr'><strong>salsum</strong></span> <span class='ocrx_word' id='word_1_131' title='bbox 1127 2371 1336 2427; x_wconf 89' lang='lat' dir='ltr'><strong>testimonium</strong></span> 
     </span>
     <span class='ocr_line' id='line_1_20' title="bbox 231 2469 1336 2548; baseline 0.005 -24"><span class='ocrx_word' id='word_1_132' title='bbox 231 2469 366 2542; x_wconf 86' lang='lat' dir='ltr'><strong>proferre</strong></span> <span class='ocrx_word' id='word_1_133' title='bbox 385 2471 618 2530; x_wconf 89' lang='lat' dir='ltr'><strong>etPhormionis</strong></span> <span class='ocrx_word' id='word_1_134' title='bbox 640 2475 761 2532; x_wconf 88' lang='lat' dir='ltr'><strong>divitias</strong></span> <span class='ocrx_word' id='word_1_135' title='bbox 787 2474 880 2548; x_wconf 88' lang='lat' dir='ltr'><strong>pluris</strong></span> <span class='ocrx_word' id='word_1_136' title='bbox 902 2475 1080 2532; x_wconf 85' lang='lat' dir='ltr'><strong>aestimasse</strong></span> <span class='ocrx_word' id='word_1_137' title='bbox 1102 2490 1193 2547; x_wconf 90' lang='lat' dir='ltr'><strong>quam</strong></span> <span class='ocrx_word' id='word_1_138' title='bbox 1221 2489 1336 2546; x_wconf 82' lang='lat' dir='ltr'><strong>cogna-</strong></span> 
     </span>
     <span class='ocr_line' id='line_1_21' title="bbox 231 2571 1336 2652; baseline 0.005 -25"><span class='ocrx_word' id='word_1_139' title='bbox 231 2571 321 2629; x_wconf 91' lang='lat' dir='ltr'><strong>tionis</strong></span> <span class='ocrx_word' id='word_1_140' title='bbox 349 2574 482 2644; x_wconf 88' lang='lat' dir='ltr'><strong>vincula,</strong></span> <span class='ocrx_word' id='word_1_141' title='bbox 514 2607 548 2616; x_wconf 89' lang='lat'>-</span> <span class='ocrx_word' id='word_1_142' title='bbox 575 2575 636 2632; x_wconf 86' lang='lat' dir='ltr'><strong>iam</strong></span> <span class='ocrx_word' id='word_1_143' title='bbox 668 2577 798 2634; x_wconf 88' lang='lat' dir='ltr'><strong>scribam</strong></span> <span class='ocrx_word' id='word_1_144' title='bbox 839 2576 1007 2652; x_wconf 89' lang='lat' dir='ltr'><strong>compellit,</strong></span> <span class='ocrx_word' id='word_1_145' title='bbox 1042 2584 1075 2632; x_wconf 94' lang='lat' dir='ltr'><strong>ut</strong></span> <span class='ocrx_word' id='word_1_146' title='bbox 1107 2573 1218 2632; x_wconf 91' lang='lat' dir='ltr'><strong>Diniae</strong></span> <span class='ocrx_word' id='word_1_147' title='bbox 1251 2576 1336 2632; x_wconf 89' lang='lat' dir='ltr'><strong>testi·</strong></span> 
     </span>
     <span class='ocr_line' id='line_1_22' title="bbox 231 2674 505 2734; baseline 0.011 -5"><span class='ocrx_word' id='word_1_148' title='bbox 231 2675 369 2730; x_wconf 88' lang='lat' dir='ltr'><strong>monium</strong></span> <span class='ocrx_word' id='word_1_149' title='bbox 388 2674 505 2734; x_wconf 85' lang='lat' dir='ltr'><strong>reserat.</strong></span> 
     </span>
    </p>

    <p class='ocr_par' dir='ltr' id='par_1_6' title="bbox 230 2775 1337 3154">
     <span class='ocr_line' id='line_1_23' title="bbox 311 2775 1337 2851; baseline 0.005 -20"><span class='ocrx_word' id='word_1_150' title='bbox 311 2775 432 2847; x_wconf 87' lang='lat' dir='ltr'><strong>Quibus</strong></span> <span class='ocrx_word' id='word_1_151' title='bbox 459 2781 632 2851; x_wconf 86' lang='lat' dir='ltr'><strong>praemissis</strong></span> <span class='ocrx_word' id='word_1_152' title='bbox 661 2782 740 2838; x_wconf 90' lang='lat' dir='ltr'><strong>duas</strong></span> <span class='ocrx_word' id='word_1_153' title='bbox 767 2799 815 2838; x_wconf 90' lang='lat' dir='ltr'><strong>res</strong></span> <span class='ocrx_word' id='word_1_154' title='bbox 843 2781 1020 2840; x_wconf 91' lang='lat' dir='ltr'><strong>testimonio</strong></span> <span class='ocrx_word' id='word_1_155' title='bbox 1049 2781 1199 2837; x_wconf 88' lang='lat' dir='ltr'><strong>firmatum</strong></span> <span class='ocrx_word' id='word_1_156' title='bbox 1224 2780 1259 2836; x_wconf 90' lang='lat' dir='ltr'><strong>iri</strong></span> <span class='ocrx_word' id='word_1_157' title='bbox 1285 2798 1337 2836; x_wconf 88' lang='lat' dir='ltr'><strong>ex·</strong></span> 
     </span>
     <span class='ocr_line' id='line_1_24' title="bbox 232 2881 1336 2958; baseline 0.005 -26"><span class='ocrx_word' id='word_1_158' title='bbox 232 2885 414 2949; x_wconf 69' lang='lat' dir='ltr'><strong>spectamus</strong></span> <span class='ocrx_word' id='word_1_159' title='bbox 436 2881 565 2953; x_wconf 86' lang='lat' dir='ltr'><strong>primum</strong></span> <span class='ocrx_word' id='word_1_160' title='bbox 587 2882 743 2957; x_wconf 83' lang='lat' dir='ltr'><strong>Stephano</strong></span> <span class='ocrx_word' id='word_1_161' title='bbox 766 2902 835 2940; x_wconf 91' lang='lat' dir='ltr'><strong>cum</strong></span> <span class='ocrx_word' id='word_1_162' title='bbox 858 2885 1049 2958; x_wconf 88' lang='lat' dir='ltr'><strong>Apollodoro</strong></span> <span class='ocrx_word' id='word_1_163' title='bbox 1072 2883 1336 2940; x_wconf 88' lang='lat' dir='ltr'><strong>necessitudinem</strong></span> 
     </span>
     <span class='ocr_line' id='line_1_25' title="bbox 230 2977 1335 3060; baseline 0.006 -27"><span class='ocrx_word' id='word_1_164' title='bbox 230 2977 311 3034; x_wconf 89' lang='lat' dir='ltr'><strong>illam</strong></span> <span class='ocrx_word' id='word_1_165' title='bbox 326 2981 527 3053; x_wconf 87' lang='lat' dir='ltr'><strong>intercedere,</strong></span> <span class='ocrx_word' id='word_1_166' title='bbox 547 2992 612 3041; x_wconf 88' lang='lat' dir='ltr'><strong>tum</strong></span> <span class='ocrx_word' id='word_1_167' title='bbox 624 2985 814 3060; x_wconf 85' lang='lat' dir='ltr'><strong>Stephanum</strong></span> <span class='ocrx_word' id='word_1_168' title='bbox 836 2986 912 3043; x_wconf 85' lang='lat' dir='ltr'><strong>falsa</strong></span> <span class='ocrx_word' id='word_1_169' title='bbox 932 2993 1074 3042; x_wconf 87' lang='lat' dir='ltr'><strong>testatum</strong></span> <span class='ocrx_word' id='word_1_170' title='bbox 1097 3003 1165 3042; x_wconf 89' lang='lat' dir='ltr'><strong>esse</strong></span> <span class='ocrx_word' id='word_1_171' title='bbox 1187 2985 1335 3041; x_wconf 89' lang='lat' dir='ltr'><strong>adversus</strong></span> 
     </span>
     <span class='ocr_line' id='line_1_26' title="bbox 231 3080 467 3154; baseline 0.025 -18"><span class='ocrx_word' id='word_1_172' title='bbox 231 3080 467 3154; x_wconf 91' lang='lat' dir='ltr'><strong>Apollodorum.</strong></span> 
     </span>
    </p>

    <p class='ocr_par' dir='ltr' id='par_1_7' title="bbox 231 3183 1335 3673">
     <span class='ocr_line' id='line_1_27' title="bbox 311 3183 1335 3272; baseline 0.006 -33"><span class='ocrx_word' id='word_1_173' title='bbox 311 3183 452 3254; x_wconf 88' lang='lat' dir='ltr'><strong>Quorum</strong></span> <span class='ocrx_word' id='word_1_174' title='bbox 479 3185 607 3242; x_wconf 86' lang='lat' dir='ltr'><strong>alterum</strong></span> <span class='ocrx_word' id='word_1_175' title='bbox 636 3187 699 3245; x_wconf 90' lang='lat' dir='ltr'><strong>fieri</strong></span> <span class='ocrx_word' id='word_1_176' title='bbox 723 3189 877 3272; x_wconf 80' lang='lat' dir='ltr'><strong>videmus;</strong></span> <span class='ocrx_word' id='word_1_177' title='bbox 913 3208 983 3245; x_wconf 91' lang='lat' dir='ltr'><strong>nam</strong></span> <span class='ocrx_word' id='word_1_178' title='bbox 1011 3208 1048 3247; x_wconf 89' lang='lat' dir='ltr'><strong>ex</strong></span> <span class='ocrx_word' id='word_1_179' title='bbox 1080 3208 1118 3246; x_wconf 91' lang='lat' dir='ltr'><strong>eo</strong></span> <span class='ocrx_word' id='word_1_180' title='bbox 1147 3188 1233 3264; x_wconf 91' lang='lat' dir='ltr'><strong>quod</strong></span> <span class='ocrx_word' id='word_1_181' title='bbox 1261 3187 1335 3245; x_wconf 87' lang='lat' dir='ltr'><strong>dicit</strong></span> 
     </span>
     <span class='ocr_line' id='line_1_28' title="bbox 234 3281 1335 3366; baseline 0.005 -26"><span class='ocrx_word' id='word_1_182' title='bbox 234 3281 342 3342; x_wconf 91' lang='lat' dir='ltr'><strong>Dinias</strong></span> <span class='ocrx_word' id='word_1_183' title='bbox 378 3305 411 3344; x_wconf 89' lang='lat' dir='ltr'><strong>se</strong></span> <span class='ocrx_word' id='word_1_184' title='bbox 443 3289 474 3343; x_wconf 92' lang='lat' dir='ltr'><strong>in</strong></span> <span class='ocrx_word' id='word_1_185' title='bbox 502 3289 729 3348; x_wconf 88' lang='lat' dir='ltr'><strong>matrimonium</strong></span> <span class='ocrx_word' id='word_1_186' title='bbox 756 3293 882 3349; x_wconf 89' lang='lat' dir='ltr'><strong>dedisse</strong></span> <span class='ocrx_word' id='word_1_187' title='bbox 909 3292 999 3348; x_wconf 87' lang='lat' dir='ltr'><strong>filiam</strong></span> <span class='ocrx_word' id='word_1_188' title='bbox 1026 3291 1233 3366; x_wconf 84' lang='lat' dir='ltr'><strong>Apollod0r0,</strong></span> <span class='ocrx_word' id='word_1_189' title='bbox 1261 3307 1335 3363; x_wconf 87' lang='lat' dir='ltr'><strong>cog-</strong></span> 
     </span>
     <span class='ocr_line' id='line_1_29' title="bbox 232 3386 1335 3467; baseline 0.006 -27"><span class='ocrx_word' id='word_1_190' title='bbox 232 3386 365 3445; x_wconf 90' lang='lat' dir='ltr'><strong>nationis</strong></span> <span class='ocrx_word' id='word_1_191' title='bbox 377 3390 453 3446; x_wconf 87' lang='lat' dir='ltr'><strong>ratio</strong></span> <span class='ocrx_word' id='word_1_192' title='bbox 476 3392 590 3464; x_wconf 89' lang='lat' dir='ltr'><strong>optime</strong></span> <span class='ocrx_word' id='word_1_193' title='bbox 613 3393 787 3467; x_wconf 85' lang='lat' dir='ltr'><strong>explicatur.</strong></span> <span class='ocrx_word' id='word_1_194' title='bbox 829 3394 944 3452; x_wconf 91' lang='lat' dir='ltr'><strong>Iniuria</strong></span> <span class='ocrx_word' id='word_1_195' title='bbox 964 3395 1047 3450; x_wconf 91' lang='lat' dir='ltr'><strong>enim</strong></span> <span class='ocrx_word' id='word_1_196' title='bbox 1059 3393 1152 3452; x_wconf 87' lang='lat' dir='ltr'><strong>West.</strong></span> <span class='ocrx_word' id='word_1_197' title='bbox 1169 3393 1335 3461; x_wconf 88' lang='lat' dir='ltr'><strong>desiderat,</strong></span> 
     </span>
     <span class='ocr_line' id='line_1_30' title="bbox 231 3490 1334 3571; baseline 0.008 -28"><span class='ocrx_word' id='word_1_198' title='bbox 231 3495 264 3543; x_wconf 95' lang='lat' dir='ltr'><strong>ut</strong></span> <span class='ocrx_word' id='word_1_199' title='bbox 283 3491 375 3546; x_wconf 89' lang='lat' dir='ltr'><strong>etiam</strong></span> <span class='ocrx_word' id='word_1_200' title='bbox 395 3490 516 3548; x_wconf 89' lang='lat' dir='ltr'><strong>aDinia</strong></span> <span class='ocrx_word' id='word_1_201' title='bbox 536 3495 716 3568; x_wconf 88' lang='lat' dir='ltr'><strong>explanetur</strong></span> <span class='ocrx_word' id='word_1_202' title='bbox 726 3498 825 3571; x_wconf 90' lang='lat' dir='ltr'><strong>ipsum</strong></span> <span class='ocrx_word' id='word_1_203' title='bbox 844 3516 911 3554; x_wconf 89' lang='lat' dir='ltr'><strong>esse</strong></span> <span class='ocrx_word' id='word_1_204' title='bbox 924 3497 1044 3553; x_wconf 84' lang='lat' dir='ltr'><strong>fratrem</strong></span> <span class='ocrx_word' id='word_1_205' title='bbox 1066 3497 1168 3553; x_wconf 88' lang='lat' dir='ltr'><strong>matris</strong></span> <span class='ocrx_word' id='word_1_206' title='bbox 1178 3493 1334 3569; x_wconf 86' lang='lat' dir='ltr'><strong>Stephani.</strong></span> 
     </span>
     <span class='ocr_line' id='line_1_31' title="bbox 231 3584 1334 3673; baseline 0.005 -29"><span class='ocrx_word' id='word_1_207' title='bbox 231 3587 319 3659; x_wconf 87' lang='lat' dir='ltr'><strong>Nam,</strong></span> <span class='ocrx_word' id='word_1_208' title='bbox 349 3595 435 3666; x_wconf 92' lang='lat' dir='ltr'><strong>quod</strong></span> <span class='ocrx_word' id='word_1_209' title='bbox 467 3595 602 3671; x_wconf 86' lang='lat' dir='ltr'><strong>videam,</strong></span> <span class='ocrx_word' id='word_1_210' title='bbox 635 3612 705 3651; x_wconf 91' lang='lat' dir='ltr'><strong>cum</strong></span> <span class='ocrx_word' id='word_1_211' title='bbox 738 3603 840 3652; x_wconf 86' lang='lat' dir='ltr'><strong>orator</strong></span> <span class='ocrx_word' id='word_1_212' title='bbox 866 3601 881 3669; x_wconf 83' lang='lat'><strong>§</strong></span> <span class='ocrx_word' id='word_1_213' title='bbox 904 3612 943 3670; x_wconf 82' lang='lat'><strong>54</strong></span> <span class='ocrx_word' id='word_1_214' title='bbox 970 3596 1109 3652; x_wconf 87' lang='lat' dir='ltr'><strong>dixisset:</strong></span> <span class='ocrx_word' id='word_1_215' title='bbox 1138 3591 1201 3651; x_wconf 77' lang='grc' dir='ltr'><strong>ἔστι</strong></span> <span class='ocrx_word' id='word_1_216' title='bbox 1232 3584 1290 3673; x_wconf 81' lang='grc' dir='ltr'><strong>γὰρ</strong></span> <span class='ocrx_word' id='word_1_217' title='bbox 1315 3586 1334 3658; x_wconf 75' lang='grc' dir='ltr'>ἡ</span> 
     </span>
    </p>
   </div>
   <div class='ocr_carea' id='block_1_5' title="bbox 299 3833 1056 3995">
    <p class='ocr_par' dir='ltr' id='par_1_8' title="bbox 299 3833 1056 3995">
     <span class='ocr_line' id='line_1_32' title="bbox 303 3833 803 3908; baseline 0.014 -24"><span class='ocrx_word' id='word_1_218' title='bbox 303 3833 313 3872; x_wconf 91' lang='lat'>1</span> <span class='ocrx_word' id='word_1_219' title='bbox 333 3837 450 3908; x_wconf 11' lang='lat' dir='ltr'><strong>Adphoc</strong></span> <span class='ocrx_word' id='word_1_220' title='bbox 472 3840 506 3888; x_wconf 91' lang='lat' dir='ltr'><strong>cf.</strong></span> <span class='ocrx_word' id='word_1_221' title='bbox 528 3841 606 3890; x_wconf 91' lang='lat' dir='ltr'><strong>huius</strong></span> <span class='ocrx_word' id='word_1_222' title='bbox 625 3841 694 3906; x_wconf 85' lang='lat' dir='ltr'><strong>disp.</strong></span> <span class='ocrx_word' id='word_1_223' title='bbox 715 3858 740 3906; x_wconf 90' lang='lat' dir='ltr'><strong>p.</strong></span> <span class='ocrx_word' id='word_1_224' title='bbox 761 3855 803 3904; x_wconf 82' lang='lat'><strong>33.</strong></span> 
     </span>
     <span class='ocr_line' id='line_1_33' title="bbox 299 3921 1056 3995; baseline 0.007 -21"><span class='ocrx_word' id='word_1_225' title='bbox 299 3921 312 3960; x_wconf 82' lang='lat'><strong><em>2</em></strong></span> <span class='ocrx_word' id='word_1_226' title='bbox 331 3925 377 3974; x_wconf 93' lang='lat' dir='ltr'><strong>Ad</strong></span> <span class='ocrx_word' id='word_1_227' title='bbox 397 3941 451 3974; x_wconf 89' lang='lat' dir='ltr'><strong>rem</strong></span> <span class='ocrx_word' id='word_1_228' title='bbox 470 3926 564 3976; x_wconf 89' lang='lat' dir='ltr'><strong>melius</strong></span> <span class='ocrx_word' id='word_1_229' title='bbox 583 3927 788 3992; x_wconf 81' lang='lat' dir='ltr'><strong>intellegendam</strong></span> <span class='ocrx_word' id='word_1_230' title='bbox 808 3937 917 3979; x_wconf 82' lang='lat' dir='ltr'><strong>stemma</strong></span> <span class='ocrx_word' id='word_1_231' title='bbox 936 3946 1056 3995; x_wconf 89' lang='lat' dir='ltr'><strong>appono:</strong></span> 
     </span>
    </p>
   </div>
   <div class='ocr_carea' id='block_1_6' title="bbox 631 4016 826 4119">
    <p class='ocr_par' dir='ltr' id='par_1_9' title="bbox 631 4016 826 4119">
     <span class='ocr_line' id='line_1_34' title="bbox 631 4016 826 4119; baseline 0.01 -55"><span class='ocrx_word' id='word_1_232' title='bbox 631 4016 826 4119; x_wconf 78' lang='lat' dir='ltr'><strong>Theonpiesms</strong></span> 
     </span>
    </p>
   </div>
   <div class='ocr_carea' id='block_1_7' title="bbox 350 4134 787 4252">
    <p class='ocr_par' dir='ltr' id='par_1_10' title="bbox 350 4134 787 4252">
     <span class='ocr_line' id='line_1_35' title="bbox 350 4134 787 4252; baseline 0.016 -70"><span class='ocrx_word' id='word_1_233' title='bbox 350 4134 370 4252; x_wconf 56' lang='lat' dir='ltr'><strong>p</strong></span> <span class='ocrx_word' id='word_1_234' title='bbox 672 4140 787 4189; x_wconf 90' lang='lat' dir='ltr'><strong>Dinias</strong></span> 
     </span>
     <span class='ocr_line' id='line_1_36' title="bbox 724 4213 725 4233; baseline 0 0"><span class='ocrx_word' id='word_1_235' title='bbox 724 4213 725 4233; x_wconf 93' lang='lat' dir='ltr'><strong>l</strong></span> 
     </span>
    </p>
   </div>
   <div class='ocr_carea' id='block_1_8' title="bbox 264 4267 1325 4416">
    <p class='ocr_par' dir='ltr' id='par_1_11' title="bbox 264 4267 1325 4416">
     <span class='ocr_line' id='line_1_37' title="bbox 264 4267 1325 4348; baseline 0.004 -23"><span class='ocrx_word' id='word_1_236' title='bbox 264 4275 448 4342; x_wconf 85' lang='lat' dir='ltr'><strong>Stephanus</strong></span> <span class='ocrx_word' id='word_1_237' title='bbox 600 4267 840 4332; x_wconf 41' lang='lat' dir='ltr'><strong>Theomnastus</strong></span> <span class='ocrx_word' id='word_1_238' title='bbox 936 4269 1325 4348; x_wconf 31' lang='lat' dir='ltr'><strong>‘ue-Apollodorus.</strong></span> 
     </span>
     <span class='ocr_line' id='line_1_38' title="bbox 615 4352 816 4416; baseline 0.005 -17"><span class='ocrx_word' id='word_1_239' title='bbox 615 4352 699 4413; x_wconf 88' lang='lat' dir='ltr'>(LIX,</span> <span class='ocrx_word' id='word_1_240' title='bbox 724 4354 761 4404; x_wconf 88' lang='lat'><strong>16.</strong></span> <span class='ocrx_word' id='word_1_241' title='bbox 783 4356 816 4416; x_wconf 84' lang='lat'><strong>2.)</strong></span> 
     </span>
    </p>
   </div>
   <div class='ocr_carea' id='block_1_9' title="bbox 0 0 1656 4894">
    <p class='ocr_par' dir='ltr' id='par_1_12' title="bbox 0 0 1656 4894">
     <span class='ocr_line' id='line_1_39' title="bbox 0 0 1656 4894; baseline 0 0"><span class='ocrx_word' id='word_1_242' title='bbox 0 0 1656 4894; x_wconf 95' lang='lat' dir='ltr'><strong> </strong></span> 
     </span>
    </p>
   </div>
  </div>
 </body>
</html>
