3302 4894
740 335 772 396 Ι5

198 504 290 561 tionis
312 503 407 577 ipsius
428 495 596 577 respiciens
610 496 768 573 ¹finxisset,
798 509 851 558 aut
870 535 911 543 —-
931 502 1018 578 quod
1045 520 1101 577 per
1127 520 1159 559 se
1183 501 1309 577 quidem

201 606 264 662 fieri
287 594 387 680 potuit
406 637 445 644 —-
468 605 558 660 unius
580 605 754 662 Artemonis
777 613 830 660 aut
852 605 1008 679 utriusque
1033 605 1160 662 nomina
1182 613 1212 660 et
1223 605 1310 661 Arte-

198 708 300 764 monis
322 713 352 764 et
374 705 557 780 Apollodori
578 706 740 792 posuisset.
998 766 1001 774 ⁴

279 809 314 865 ln
337 799 531 887 ἐκμαρτυρίαν
563 808 646 864 idem
669 808 763 876 cadit,
787 808 874 882 quod
896 808 928 863 in
949 803 1143 887 ἐκμαρτυρίαν
1163 813 1178 881 ᾗ
1201 824 1248 876 20,
1269 808 1311 864 de

198 929 260 986 qua
275 929 366 984 supra
377 908 623 984 disputavimus.l
665 910 714 966 Ad
729 909 857 966 Sostrati
874 918 904 966 et
914 908 1059 966 Philiadis
1077 912 1213 973 nomina,
1229 927 1307 983 quae

198 1000 259 1069 iam
282 1014 323 1069 ibi
343 1014 542 1086 reperiuntur,
565 1012 720 1068 accedunt
742 1013 869 1068 nomina
890 1013 1019 1068 aliorum
1040 1012 1129 1067 trium
1141 1011 1309 1077 hominum,

200 1131 331 1189 qnorum
364 1110 557 1194 ἐκμαρτυρίας
585 1114 678 1170 tidem
705 1115 766 1170 iam
799 1115 845 1171 vel
873 1115 912 1170 ab
939 1113 1074 1170 Erasicle
1105 1122 1136 1169 et
1162 1109 1311 1186 Hyblesio

198 1216 244 1272 vel
266 1216 304 1272 ab
327 1217 514 1290 Apollonide
537 1217 604 1290 ipso
627 1216 774 1272 firmatam
794 1234 863 1273 esse
886 1217 1079 1272 censendum
1103 1213 1182 1272 erit‘l

441 1408 477 1470 ΙΙ,
520 1408 572 1465 De
595 1411 821 1486 syngrapha.
863 1414 1057 1484 ἕξω-13.
1151 1395 1163 1410 ’

280 1527 327 1584 De
347 1536 528 1602 argumento
544 1529 732 1604 syngraphae
746 1531 916 1587 accuratius
931 1530 1097 1602 disputavit
1109 1528 1144 1586 A.
1157 1527 1314 1585 Boeckhi·

200 1628 257 1687 us3
281 1634 383 1705 ireque
410 1631 510 1687 habeo
541 1630 628 1705 quod
661 1628 751 1686 huius
788 1632 1039 1687 commentationi
1077 1631 1202 1688 addam.
1245 1629 1308 1686 Sed

201 1734 270 1789 cum
293 1734 329 1792 A.
359 1729 573 1800 Schaeferus,4
598 1748 785 1807 quamquam
811 1731 1062 1788 Westermannus
1091 1733 1307 1788 tantummodo

200 1835 378 1890 testimonia
399 1834 490 1890 huius
512 1834 660 1890 orationis
682 1833 752 1889 ficta
772 1851 841 1890 esse
867 1834 1081 1889 demonstrare
1100 1842 1230 1890 conatus
1253 1841 1307 1901 est,

200 1935 290 1992 nullis
312 1937 500 2010 argumentis
522 1935 618 1992 allatis
641 1936 732 1991 etiam
755 1935 956 2010 syngrapham
985 1941 1015 1990 et
1039 1935 1115 2008 legis
1137 1934 1307 2006 formulam,

199 2038 240 2093 de
262 2055 323 2111 qua
343 2045 452 2111 postea
474 2037 656 2110 disputaturi
681 2053 803 2106 sumus,
836 2037 1010 2112 suppositas
1037 2053 1105 2092 esse
1138 2037 1308 2093 contendat

198 2138 343 2213 idemque
364 2139 513 2207 editores,
535 2140 560 2194 si
582 2139 708 2214 quidem
731 2139 875 2195 cancellis
896 2138 951 2194 has
972 2137 1117 2193 formulas
1138 2147 1307 2211 sepserunt,

199 2257 326 2299 censere
361 2241 537 2309 videantur,
573 2239 673 2296 lacere
707 2257 770 2295 uon
799 2241 983 2314 poterimus,
1004 2241 1078 2315 quin
1100 2241 1160 2295 iam
1182 2241 1214 2296 in
1235 2257 1307 2298 auc·

198 2343 350 2398 toritatem
382 2340 572 2416 syngraphae
595 2341 698 2416 paullo
722 2343 893 2397 accuratius
916 2342 1112 2416 inquiramus.

282 2444 380 2520 Atque
404 2445 428 2500 si
451 2444 684 2517 interrogamus
706 2445 866 2532 quomodo
889 2442 1042 2512 falsarius,
1064 2443 1197 2500 simodo
1215 2445 1306 2514 tinxit,

199 2543 317 2601 finxerit
339 2545 559 2620 syngrapham,
590 2544 719 2602 fortasse
747 2546 1020 2619 respondebimus,
1048 2547 1306 2622 quandoquidem

198 2647 302 2715 multa,
326 2661 406 2718 quae
428 2643 458 2699 in
481 2642 653 2717 syngrapha
664 2650 795 2711 exstant,
815 2645 845 2699 in
859 2644 999 2700 oratione
1021 2647 1086 2718 ipsa
1103 2648 1307 2718 inveniuntur,

198 2763 344 2820 magnam
368 2753 485 2818 partem
513 2744 604 2800 huius
634 2746 828 2801 instrumenti
858 2764 895 2801 ex
922 2746 972 2814 iis,
998 2764 1078 2821 quae
1106 2749 1138 2805 in
1166 2752 1307 2808 oratione

199 2850 265 2923 ipsa
286 2856 581 2915 commemorantur,
603 2847 727 2902 relicere
749 2847 833 2902 illum
854 2849 1002 2922 potuisse.
1044 2848 1107 2907 Sed
1136 2852 1161 2907 si
1188 2853 1247 2908 iam
1269 2872 1306 2909 ex

199 2951 340 3008 oratione
360 2951 428 3023 ipsa
449 2966 558 3006 omues
579 2947 681 3022 locOS,
704 2950 756 3023 qui
776 2950 817 3005 ad
839 2950 1041 3024 syngrapham
1062 2953 1229 3024 pertinent,
1251 2955 1306 3010 de-

125 3118 130 3126 ¹
200 3053 367 3125 promimus
397 3059 427 3106 et
451 3083 488 3092 -
511 3051 597 3125 quod
626 3067 684 3106 nos
712 3051 744 3106 in
772 3051 875 3106 tabula
897 3052 1085 3126 agglutinata
1115 3051 1245 3112 fecimus
1267 3091 1306 3098 —

199 3152 390 3228 syngraphae
418 3154 475 3226 ipsi
500 3163 600 3216 rerum
623 3152 733 3208 ordine
755 3161 874 3208 servato
897 3154 1094 3226 apponimus,
1118 3155 1165 3210 vix
1186 3158 1304 3214 tertiam

198 3261 314 3328 partem
343 3272 465 3322 eorum,
495 3271 574 3329 quae
596 3253 627 3308 in
650 3253 822 3328 syngrapha
853 3255 964 3328 scripta
987 3263 1072 3322 sunt,
1103 3257 1134 3311 in
1157 3259 1305 3314 orationis

198 3363 306 3411 tenore
327 3357 428 3413 inesse
459 3356 641 3416 invenimus.
684 3354 757 3411 Non
780 3355 862 3411 enim
884 3357 1078 3427 reperiuntur
1105 3358 1135 3414 in
1165 3359 1310 3415 oratione·

199 3459 265 3530 ipsa
293 3459 419 3513 nomina
439 3457 601 3513 Androelis
621 3465 652 3512 et
669 3455 890 3534 Nausicratis,5
918 3475 982 3513 non
1009 3459 1170 3533 quomodo
1198 3477 1305 3516 cursus

199 3559 297 3628 navis,
328 3576 420 3634 quem
447 3560 480 3614 in
513 3558 684 3633 syngrapha
721 3559 951 3615 accuratissime
988 3559 1127 3616 deliniri⁰
1156 3563 1305 3630 videmus

199 3657 360 3716 faciendus
396 3661 434 3716 sit
461 3661 668 3729 constituitur,
701 3639 775 3716 non*
803 3662 843 3716 de
875 3678 1034 3718 usurarum
1067 3663 1304 3736 magnitudinel

273 3842 361 3897 lvide
382 3865 408 3913 p.
432 3861 471 3898 10.
491 3849 545 3898 hui.
566 3849 635 3913 disp.

268 3931 281 3969 2
300 3936 360 3984 vide
379 3936 433 3985 hui.
453 3936 522 4000 disp.
543 3952 568 4000 p.
590 3949 629 3986 11.

268 4018 415 4070 ³Staatsh.
438 4023 463 4071 d.
484 4023 548 4071 Ath.
569 4020 604 4073 12.
625 4040 651 4088 p.
675 4025 722 4088 187
742 4041 780 4089 sq.
804 4036 967 4088 193-195ί

268 4105 317 4159 41.
338 4126 360 4158 c.
381 4126 406 4175 p.
428 4110 478 4158 286
499 4126 538 4174 sq.

267 4190 313 4260 55
334 4209 372 4254 ro,
399 4209 420 4245 r.
444 4209 467 4245 2.

268 4277 331 4349 θῇς
354 4295 420 4345 ro,4.
445 4296 511 4347 13,r.
586 4281 630 4350 lg
653 4285 719 4344 ro,6.
739 4286 764 4335 8.
